2131 3552
77 1122 163 1170 401

86 1968 175 2017 401

609 807 1015 866 SAECULUM
1054 808 1124 864 V.

192 1112 383 1159 PRISCUS
418 1114 462 1157 ὅ(
489 1111 704 1158 EUBULUS
740 1132 762 1156 α
801 1114 1021 1173 ‘Theophilo
1057 1114 1337 1158 cAlexcmdrino
1372 1115 1554 1173 episcopo

193 1189 232 1229 in
260 1186 512 1243 Paloestinam
539 1185 650 1243 miffi.
681 1193 780 1235 (127)

248 1306 261 1325 «
291 1288 516 1328 Beatiffimo
555 1302 667 1341 papae
699 1287 941 1340 Theophilo
976 1286 1264 1340 Hieronymus.
1299 1286 1444 1339 Nuper
1479 1298 1557 1327 tuae

194 1348 460 1388 Beatitudinis
495 1348 657 1400 percepi
686 1347 838 1400 scripta,
867 1346 1124 1385 emendantia
1156 1356 1270 1385 vetus
1291 1343 1491 1385 filentium
1522 1347 1559 1386 δι

194 1421 258 1445 me
280 1408 325 1445 ad
349 1405 507 1445 solitum
536 1405 712 1444 officium
735 1404 1009 1457 provocantia.
1042 1404 1178 1453 Unde,
1198 1403 1292 1443 licet
1314 1418 1383 1456 per
1405 1404 1559 1443 sanetos

195 1466 347 1515 fratres,
371 1464 548 1504 Priscum
569 1463 607 1503 δι
628 1463 849 1513 Eubulum,
880 1474 970 1502 tuus
1000 1463 1047 1501 ad
1081 1477 1154 1502 nos
1183 1462 1311 1501 sermo
1342 1461 1560 1512 ceffaverit,

195 1536 329 1564 tamen
348 1525 442 1577 quia
457 1524 631 1563 vidimus
654 1522 743 1562 illos
771 1521 862 1561 zelo
879 1521 970 1561 fidei
988 1523 1228 1571 concitatos,
1248 1522 1393 1574 raptim
1414 1521 1561 1577 Palas-

195 1584 280 1623 tinae
317 1581 489 1622 lustraffe
518 1583 715 1636 regiones,
751 1581 787 1621 &
822 1580 1010 1633 dispersos
1045 1579 1205 1633 regulos
1239 1579 1361 1632 usque
1396 1581 1442 1619 ad
1479 1579 1562 1620 suas

196 1641 365 1682 latebras
387 1641 628 1694 persecutos,
663 1640 838 1679 breviter
868 1639 1090 1689 scribimus,
1123 1639 1232 1692 quod
1263 1650 1369 1679 totus
1390 1641 1564 1678 mundus

199 1700 352 1741 exultet
372 1700 411 1740 &
431 1701 470 1740 in
493 1700 570 1740 tuis
591 1700 769 1739 victoriis
789 1699 992 1752 glorietur.
1018 1715 1033 1734 2>

296 1804 336 1845 [S.
360 1802 598 1848 Hieronymus,
628 1800 763 1846 Eptstola
784 1801 976 1842 LXXXVI,
1003 1801 1052 1832 ad
1072 1798 1278 1844 ‘Theophilum
1300 1799 1451 1843 (Migne,
1479 1800 1567 1834 Patr.

200 1855 269 1897 lat„
287 1856 399 1896 XXII,
416 1866 443 1888 c.
463 1855 573 1899 754).]

204 1965 557 2023 PAULINIANUS,
572 1968 711 2024 frater
723 1967 763 2025 s.
788 1966 1038 2023 Hieronymi,
1064 1964 1190 2007 altera
1216 1965 1313 2017 vice,
1344 1964 1390 2006 ab
1413 1965 1568 2022 Europa

203 2040 325 2082 redux
347 2055 420 2096 quo
442 2039 518 2097 os.
544 2037 787 2095 Hieronymo
813 2053 912 2079 anno
937 2036 1026 2098 398
1052 2035 1185 2094 miffus
1199 2037 1352 2093 fuerat.
1379 2041 1482 2084 (128)

260 2152 274 2171 «
301 2134 375 2174 Sed
407 2134 501 2186 quia
535 2132 791 2173 Paulinianus
823 2132 943 2171 frater
973 2145 1098 2181 meus,
1133 2130 1181 2170 de
1213 2129 1492 2170 Commentariis
1521 2132 1574 2170 ad

203 2193 369 2249 Ephefios
398 2192 582 2246 quaedam
613 2192 660 2230 ab
691 2205 739 2231 eo
767 2190 1004 2244 reprehensa
1023 2190 1209 2239 narravit,
1235 2189 1272 2228 &
1294 2203 1422 2242 pauca
1441 2204 1489 2228 ex
1510 2190 1570 2230 his

205 2253 413 2291 memoriae
429 2251 604 2301 tradidit,
624 2250 804 2303 mihique
826 2249 906 2302 ipsa
922 2248 1211 2288 demonstravit
1226 2247 1328 2299 loca,
1344 2262 1425 2287 non
1441 2248 1569 2287 debeo

204 2309 474 2362 subterfugere
513 2336 1570 2348 .................

205 2368 435 2409 Secundum
453 2367 604 2417 locum,
620 2381 742 2420 quem
759 2366 856 2406 mihi
874 2367 921 2406 ab
938 2380 986 2406 eo
1005 2365 1289 2419 reprehensum
1306 2364 1426 2404 frater
1443 2364 1573 2403 osten-

205 2429 275 2477 dit,
295 2428 390 2480 quia
404 2426 519 2466 valde
541 2425 708 2466 frivolus
726 2425 781 2465 est
803 2425 841 2465 &
861 2436 1041 2479 apertam
1063 2424 1116 2463 sui
1140 2424 1298 2476 praefert
1316 2422 1574 2473 calumniam,

206 2500 354 2539 ponam
375 2486 559 2525 breviter.
580 2502 594 2520 »

304 2575 346 2616 [S.
371 2573 608 2619 Hieronyniu5‚
631 2572 783 2617 Apologia
801 2572 971 2616 advetsus
1001 2571 1099 2605 libros
1128 2571 1246 2615 Rufini,
1277 2572 1295 2606 l.
1324 2573 1349 2614 Ι,
1379 2583 1427 2605 cc.
1451 2584 1506 2612 22,
1533 2583 1572 2612 23

212 2626 362 2670 (Migne,
383 2628 472 2659 Patr.
490 2626 564 2666 lat„
592 2627 724 2666 XXIII,
740 2638 786 2659 cc.
805 2639 885 2668 414,
902 2628 1008 2667 416);
1030 2625 1073 2657 cf.
1099 2625 1231 2669 Epistola
1250 2626 1408 2666 LXXXI,
1425 2627 1473 2657 ad
1490 2625 1575 2668 Rufi-
1647 2640 1650 2642 ·

209 2692 284 2712 num
303 2679 413 2723 (ibid.,
431 2681 544 2720 XXII,
563 2691 589 2711 c.
613 2679 720 2721 735).]

398 2738 424 2769 P
1371 2747 1408 2779 Ι5
