2131 3552
593 235 656 279 70
1149 219 1408 282 (374·375)

595 373 804 427 pluresque
824 372 946 413 etiam
966 373 1066 413 alios
1087 374 1272 415 homines
1298 373 1488 428 perversae
1504 373 1631 425 scelat,
1651 386 1745 413 vera
1760 372 1960 413 suadendo

595 433 820 486 iugiterque
841 431 1042 483 docendo,
1061 432 1108 471 ad
1130 432 1336 472 ecclefiam
1356 443 1608 472 revocarunt.
1636 448 1651 468 ›>

689 509 798 552 [Vinc.
815 509 998 551 Bellovac.,
1016 509 1132 553 Specul.
1154 509 1234 553 hist„
1253 510 1272 543 1.
1291 511 1403 551 XVII,
1419 522 1446 543 c.
1468 514 1508 553 89
1527 509 1596 555 (ed.
1610 511 1731 551 Duae„
1751 521 1783 554 p.
1804 508 1915 552 686).]

644 568 713 612 (Cf.
733 569 913 611 Palladius,
943 568 1021 612 Hist.
1044 569 1212 613 Laustasa,
1246 580 1292 602 cc.
1313 573 1368 611 86,
1401 581 1478 611 117,
1513 572 1573 602 118
1605 567 1758 613 [Migne,
1778 569 1869 602 Patr.
1885 579 1961 611 gr„

595 623 758 663 XXXIV,
775 633 825 655 cc.
854 634 951 664 1193,
974 623 1184 664 1223-1228]
1204 623 1235 655 δι
1253 621 1379 654 Itinera
1390 633 1518 666 graeca,
1538 623 1583 665 Ι).

486 720 578 772 374
595 709 919 766 FLORENTIUS,
945 713 1167 755 monachus.
1196 714 1277 758 (61)

652 800 668 820 ‹
692 781 740 822 In
759 797 808 823 ea
826 784 923 823 mihi
947 794 1055 837 parte
1082 784 1207 824 eremi
1235 783 1521 834 commoranti,
1550 796 1640 836 quae
1673 782 1785 822 iuxta
1817 781 1964 835 Syriam

597 841 825 882 Sarracenis
845 841 1038 895 iungitur,
1057 841 1286 883 dilecffionis
1308 852 1386 882 tuae
1405 840 1548 894 scripta
1564 840 1716 893 perlata
1732 840 1831 880 sunt.
1853 839 1964 896 Qui-

597 901 670 941 bus
690 899 819 952 leefis,
834 901 889 940 ita
908 900 1140 941 reaccensus
1156 901 1211 941 est
1226 901 1383 940 animus
1399 900 1660 956 lerosolymam
1677 898 1968 953 proficiscendi,

598 969 643 999 ut
671 973 774 1013 pene
802 960 989 999 nocuerit
1018 957 1237 1013 propofito,
1267 959 1376 1013 quod
1408 959 1604 1012 profuerit
1634 959 1800 998 caritati.
1840 957 1967 998 Nunc

599 1018 731 1071 igitur,
751 1019 961 1072 quomodo
980 1018 1111 1070 valeo,
1132 1033 1206 1071 pro
1233 1033 1298 1058 me
1329 1017 1400 1057 tibi
1434 1017 1586 1058 litteras
1615 1016 1871 1070 repraesento,
1899 1017 1967 1058 etsi

599 1090 771 1130 corpore
791 1076 943 1128 absens,
963 1091 1100 1117 amore
1121 1087 1255 1117 tamen
1276 1077 1315 1117 δε
1335 1076 1472 1130 spiritu
1491 1076 1663 1116 venio....
1688 1093 1701 1111 3>

694 1149 736 1191 [S.
753 1148 994 1193 Hieronymus,
1008 1147 1143 1193 Epistola
1161 1150 1203 1189 V,
1221 1149 1270 1181 ad
1284 1148 1476 1182 Florentium
1493 1148 1639 1193 (Migne‚
1658 1148 1747 1182 Patr.
1762 1147 1832 1190 lat.,
1854 1148 1967 1189 XXII,

600 1212 628 1234 c·
650 1201 763 1244 336)·]

427 1307 462 1335 a.
492 1298 578 1352 375
603 1286 937 1330 lNNocENTIUs
950 1286 1169 1345 presbyter.
1198 1292 1280 1337 (62)

697 1371 892 1414 [Palladius,
921 1371 1001 1416 Hzst.
1035 1371 1203 1416 Laustaca,
1238 1383 1265 1405 c.
1295 1383 1356 1413 103
1390 1370 1544 1416 (Migne,
1575 1372 1667 1406 Patr.
1691 1382 1762 1414 gr„
1800 1372 1967 1413 XXXIV,

603 1435 633 1457 c.
654 1424 786 1468 1209).]

430 1536 466 1563 a.
493 1530 581 1579 375
601 1513 638 1558 S.
665 1514 976 1568 GREGORIUS,
1024 1513 1389 1558 NAZIANZENUS
1413 1514 1636 1573 episcopus,
1680 1516 1719 1556 in
1748 1512 1968 1568 Palaestinae

589 1585 751 1645 scholis
774 1584 1011 1644 discipulus.
1056 1591 1136 1634 (63)

658 1688 672 1706 «
707 1669 890 1709 Euzoius
929 1670 1034 1723 apud
1069 1668 1336 1722 Thespesium
1371 1669 1590 1720 rhetorem,
1623 1682 1717 1708 cum
1755 1667 1974 1720 Gregorio,

601 1729 872 1769 Nazianzeno
894 1728 1099 1782 episcopO,
1132 1728 1362 1768 adolescens
1385 1728 1578 1769 Caesareae
1599 1726 1793 1777 eruditus,
1814 1725 1852 1765 &
1873 1724 1974 1765 eius-

603 1787 695 1828 dem
718 1787 852 1841 postea
872 1788 981 1827 urbis
1003 1787 1225 1841 episcopus.
1253 1805 1267 1823 »

698 1875 741 1915 [S.
773 1872 1013 1918 HieronymuS,
1041 1874 1092 1906 De
1117 1871 1209 1905 viris
1237 1871 1424 1915 illustribus,
1450 1883 1478 1904 c.
1508 1882 1570 1912 113
1599 1871 1750 1914 (Migne,
1778 1870 1871 1903 Patr.
1904 1868 1975 1911 lat„

604 1927 735 1968 XXIII,
762 1937 789 1959 c.
816 1925 918 1969 797),
937 1925 978 1958 cf.
1003 1926 1032 1957 S.
1059 1925 1246 1969 Gregorius
1273 1925 1514 1966 Nazianzenus,
1545 1922 1661 1957 Oratio
1679 1924 1753 1965 VII,
1782 1922 1815 1956 in
1845 1922 1976 1956 laudem

606 1978 745 2023 Caesarij
749 1978 895 2022 fratris,
912 1989 940 2011 c.
961 1981 979 2010 6
1000 1978 1154 2022 (Migne,
1172 1978 1262 2011 Patr.
1275 1989 1347 2022 gr„
1364 1979 1506 2020 XXXV,
1528 1988 1555 2009 c.
1578 1977 1686 2021 761).]

435 2089 471 2117 a.
499 2083 586 2135 375
608 2068 994 2124 ΜΕΤΗΕΟΡΗΠᾸῙΒ,
1015 2068 1222 2113 SERGIUS
1240 2069 1285 2112 ὅ(
1305 2067 1553 2124 HYGINUS,
1572 2069 1755 2110 monachi
1779 2084 1799 2110 e
1820 2066 1976 2126 Meso-

598 2143 795 2201 potamia.
823 2147 902 2191 (64)

664 2238 678 2257 «
695 2219 788 2260 Post
802 2220 888 2260 haee
909 2218 1055 2273 Tigrim
1071 2219 1221 2258 flumen
1239 2218 1572 2272 pertranseuntes,
1589 2216 1895 2270 quintodecimo
1913 2216 1977 2257 die

608 2279 842 2320 intravimus
866 2276 1085 2334 Ierusalem,
1115 2277 1152 2317 ὅτ
1182 2277 1230 2317 ad
1261 2277 1474 2330 Sepulcrum
1497 2275 1669 2316 Domini
1703 2274 1826 2314 nostri
1860 2273 1977 2315 Ihesu

610 2337 760 2381 Christi
782 2352 852 2391 per
873 2338 1021 2378 cuneta
1040 2337 1131 2377 loca
1146 2336 1278 2376 saneta
1298 2336 1539 2377 Sand'mrum
1560 2344 1733 2385 orantes,
1761 2334 1978 2387 gratiarum

609 2399 787 2439 a6fiones
810 2396 971 2438 Christo
994 2396 1174 2436 salvatori
1214 2396 1399 2435 omnium
1420 2395 1634 2435 libavimus
1655 2424 1663 2433 .
1685 2424 1694 2433 .
1716 2424 1725 2433 .
1751 2409 1766 2429 2>

705 2475 1006 2522 [Vitafabulosas
1025 2475 1179 2519 Macarij
1195 2475 1330 2509 Romani
1355 2475 1440 2515 (AA.
1459 2475 1509 2507 SS.
1531 2473 1622 2515 Boll.,
1639 2484 1680 2514 23
1702 2473 1790 2514 oa„
1808 2473 1851 2514 X,
1872 2471 1977 2516 571).]

503 2589 590 2643 375
613 2574 985 2628 *PHILASTRIUQ
1010 2572 1218 2632 episcopus
1241 2571 1473 2630 Brixienfis.
1491 2576 1568 2621 (65)

670 2678 685 2697 α
710 2660 786 2700 Sed
807 2658 1051 2699 circumiens
1071 2656 1298 2696 universum
1321 2668 1422 2708 pene
1443 2653 1640 2694 ambitum
1662 2652 1837 2693 Romani
1860 2651 1980 2702 orbis,

614 2719 867 2762 dominicum
888 2716 1122 2772 praedicavit
1141 2714 1349 2756 verbum...
1373 2730 1388 2750 »
