2131 3552
836 232 976 293 (439)
1497 245 1575 294 ¹53

226 401 295 439 per
321 387 488 440 singulas
518 387 699 426 civitates
730 386 870 438 positas
897 386 1124 436 honoravit,
1153 386 1191 426 δι
1219 400 1311 426 cum
1344 386 1580 438 pergeret&

223 459 316 485 cum
346 447 480 485 denuo
502 455 709 485 remearet.
736 461 750 479 »

318 511 555 556 [Caffiodorus,
574 511 649 554 Hist.
664 508 845 553 tripartita,
863 509 883 541 l.
899 511 975 549 XII,
993 521 1020 542 c.
1042 522 1077 552 ¹5
1096 509 1248 553 (Migne,
1262 511 1353 543 Patr.
1369 509 1442 551 lat.,
1459 512 1584 551 LXIX,

224 576 251 598 c.
271 565 387 608 1214),
406 575 495 609 quem
511 562 676 606 exscripstt
698 562 914 606 Freculphus,
937 562 1122 603 Chronicon,
1137 571 1158 595 t.
1176 564 1218 603 ΙΙ,
1236 562 1256 595 l.
1275 565 1316 604 V,
1331 574 1358 595 c.
1378 575 1409 594 11
1431 562 1584 606 (Migne,

226 621 318 652 Patr.
339 618 408 659 lat„
425 618 515 657 CVI,
534 627 560 648 c.
585 615 714 658 ¹242)·]

281 705 295 724 «
331 687 519 740 Sequenti
542 699 635 724 vero
658 698 777 735 anno,
810 684 1068 724 Theodosius
1104 685 1321 736 imperator
1356 682 1585 723 Eudoxiam

226 760 394 786 uxorem
425 745 531 783 suam
562 744 862 800 Hierosolymam
893 742 1006 792 mifit,
1036 742 1237 796 gratificos
1265 743 1437 791 hymnos
1472 743 1586 782 obla-

227 816 352 844 turam
376 802 484 853 Deo,
514 817 604 856 quae
626 801 796 855 plurima
817 803 922 840 dona
943 800 1116 841 ecclesiis
1137 800 1323 849 contulit,
1358 801 1394 841 &
1417 803 1588 842 adoratis

226 874 305 903 tam
328 862 458 902 saneta
473 875 590 901 cruce
608 875 728 914 quam
750 860 929 900 colendis
951 860 1050 899 locis
1073 859 1227 899 reversa
1242 859 1296 899 est
1321 860 1367 899 ad
1392 859 1548 913 regalia.
1570 876 1585 895 »

319 933 472 978 [Htstoria
501 931 652 975 miscella,
683 932 701 964 l.
731 934 825 973 XIV,
854 942 880 964 c.
905 943 941 972 15
977 932 1044 975 (ed.
1078 930 1314 976 Eyssenhardt,
1344 932 1467 973 Berol.‚
1491 935 1590 973 1869,

225 999 258 1032 p.
281 987 377 1031 325),
394 998 490 1031 quam
507 984 672 1029 exscripsit
690 983 883 1018 Anastasius
903 983 1074 1026 Biblioth.,
1095 984 1171 1028 Hist.
1193 984 1312 1027 eccles,
1337 985 1379 1017 ad
1403 996 1479 1017 ann.
1501 987 1587 1028 5926

226 1039 379 1084 (Migne,
400 1040 491 1073 Patr.
507 1050 580 1083 gr„
602 1039 728 1080 CVIII,
748 1050 777 1071 c.
805 1037 933 1081 1227).]

281 1128 296 1147 «
339 1110 540 1162 Eudoxia,
590 1125 690 1150 uxor
727 1109 951 1164 Theodofij
994 1110 1201 1163 principis,
1239 1110 1286 1149 ab
1326 1109 1592 1166 Hierosolymis

227 1171 432 1220 remeavit,
470 1170 675 1209 beatiffimi
698 1169 886 1222 Stephani
909 1169 1026 1221 primi
1060 1168 1242 1222 martyris
1273 1167 1473 1222 reliquias,
1503 1184 1592 1222 quae

228 1228 265 1267 in
288 1227 444 1268 bafilica
465 1228 487 1267 s.
511 1228 715 1281 Laurentij
742 1227 875 1281 pofitae
896 1238 1151 1277 venerantur,
1172 1226 1304 1266 secum
1327 1227 1521 1267 deferens.
1547 1244 1562 1263 »

319 1301 425 1343 [Beda
443 1302 620 1342 Venerab.,
638 1300 822 1341 Chronicon,
843 1299 883 1332 ad
903 1311 979 1332 ann.
1001 1299 1114 1332 mund.
1134 1311 1226 1341 4410
1246 1300 1351 1342 (Mon.
1372 1299 1438 1343 htst.
1460 1299 1594 1341 britan„

226 1353 276 1387 ed.
298 1353 422 1394 Lond.,
455 1357 554 1395 1848,
581 1355 607 1395 1,
629 1366 657 1398 p.
679 1354 752 1397 94),
781 1364 871 1397 quem
888 1352 1056 1396 exstripfit
1072 1352 1157 1385 Ado
1175 1352 1379 1394 Viennenfis,
1410 1353 1594 1395 Chronicon,

226 1414 290 1440 aet.
308 1408 352 1440 VI
373 1408 486 1449 (Max.
506 1406 586 1440 Bibl.
608 1408 713 1439 Veter.
737 1407 880 1448 Parrum,
898 1405 950 1438 ed.
966 1406 1090 1449 Lugd.‚
1108 1406 1197 1447 XVI,
1218 1417 1248 1449 p.
1270 1405 1384 1450 796).]

283 1504 298 1523 (ς
324 1486 524 1537 Eudoxia,
543 1484 766 1538 Theodofij
801 1485 992 1538 principis
1023 1498 1135 1534 uxor,
1168 1483 1466 1542 Hierosolymam
1500 1500 1594 1538 pro-

234 1545 348 1596 feEla,
368 1557 564 1595 catenam,
581 1559 659 1598 qua
677 1544 814 1584 Petrus
830 1543 1032 1597 apostolus
1053 1558 1074 1582 a
1094 1543 1264 1582 Nerone
1284 1543 1440 1584 vinetus
1462 1544 1534 1584 fuit
1554 1545 1592 1584 in

227 1618 401 1655 carcere,
421 1619 443 1643 a
467 1604 644 1657 quodam
662 1601 800 1643 Iudaeo
817 1602 984 1655 suscepit
999 1602 1036 1642 δι
1052 1601 1212 1641 Romam
1240 1616 1334 1641 cum
1351 1602 1486 1643 multis
1508 1603 1593 1643 aliis

228 1662 407 1716 reliquiis
428 1662 571 1703 attulit.
599 1679 614 1698 »

323 1736 441 1778 [Hugo
467 1733 729 1776 Flaviniacenfis,
747 1734 877 1776 Chron„
904 1733 990 1766 lib.I
1021 1733 1144 1775 (Pertz,
1169 1735 1260 1767 Mon.
1278 1735 1402 1776 Germ„
1420 1735 1483 1776 SS.‚
1506 1735 1595 1777 VIII,

228 1799 258 1832 p·
279 1788 367 1828 303]

285 1878 300 1898 «
326 1860 514 1900 Eudoxia
533 1860 709 1914 augusta,
729 1875 831 1900 uxor
851 1858 1091 1913 Theodofij,
1111 1859 1408 1918 Hierosolymam
1429 1875 1478 1899 ex
1498 1871 1595 1900 voto

230 1920 472 1973 properavit,
503 1919 541 1960 δε
572 1919 664 1959 inde
691 1919 879 1973 reliquias
901 1920 1206 1972 protomartyris
1228 1919 1416 1972 Stephani
1440 1919 1478 1959 &
1500 1918 1596 1959 duas

230 1988 404 2028 catenas,
425 1993 522 2031 quas
545 1978 727 2032 Angelus
748 1978 797 2018 de
815 1978 1001 2018 manibus
1019 1976 1124 2017 Petri
1141 1978 1309 2031 apostoli
1331 1978 1494 2029 disiecit,
1515 1977 1597 2018 Dei

229 2047 331 2077 nutu
351 2037 497 2088 attulit,
517 2037 650 2090 eisque
672 2036 860 2076 adiun&a
879 2047 1033 2087 catena,
1067 2051 1145 2089 qua
1173 2037 1293 2077 etiam
1309 2037 1441 2078 Romae
1457 2036 1597 2077 Petrus

230 2095 389 2136 vinetus
410 2096 496 2146 fuit,
518 2096 685 2135 triadem
702 2096 809 2145 fecit,
830 2095 867 2135 &
889 2096 981 2135 inde
1003 2110 1097 2135 cum
1118 2094 1283 2135 confilio
1301 2096 1476 2136 Romani
1495 2110 1596 2148 prae-

231 2153 335 2205 sulis,
373 2154 667 2194 solemnitatem
707 2153 825 2194 sanciti
866 2153 986 2204 Petri,
1024 2169 1113 2208 quae
1153 2155 1299 2194 dicitur
1339 2156 1398 2194 Ad
1431 2154 1598 2204 vincula,

230 2212 362 2253 Romae
392 2213 558 2253 instituit
589 2213 744 2253 calend.
765 2226 868 2266 aug.,
889 2212 979 2252 ideo
1001 2213 1176 2253 maxime
1197 2223 1240 2252 ut
1261 2213 1458 2267 populum
1480 2227 1598 2252 revo-

231 2283 338 2311 caret
367 2285 389 2311 a
408 2272 568 2325 gentilis
598 2271 885 2324 superstitionis
915 2285 1078 2324 pompa,
1109 2272 1217 2325 quod
1252 2272 1382 2312 adhuc
1412 2271 1599 2311 solemni-

232 2330 349 2370 zabat
365 2331 405 2370 in
421 2331 496 2370 hac
513 2330 577 2370 die
593 2330 746 2382 civitas,
762 2345 810 2370 ex
826 2331 901 2370 ritu
917 2330 1072 2383 gentili,
1093 2344 1164 2383 pro
1181 2330 1349 2370 vi6³oeria
1366 2330 1598 2372 Oetaviano

232 2389 416 2443 Augusto
438 2389 596 2429 collata.
622 2405 637 2425 »

329 2460 535 2503 [Vincentius
555 2460 736 2502 Bellovac.,
757 2462 841 2504 Spec.
862 2460 1033 2505 historiale,
1054 2461 1071 2494 Ι.
1090 2472 1143 2502 xx,
1163 2472 1190 2494 c.
1210 2472 1249 2503 37
1269 2460 1339 2503 (ed.
1361 2461 1482 2504 Duae„
1502 2463 1601 2501 1624,

260 2539 266 2546 .
291 2525 356 2556 790
379 2540 385 2546 .

233 2525 254 2558 p
283 2514 373 2621 (Cf.)
388 2515 550 2619 socrates,
582 2578 658 2622 Hist.
684 2578 801 2622 eccles,
829 2578 850 2612 l.
868 2579 940 2619 VII,
966 2589 995 2611 c.
1016 2590 1059 2620 47
1087 2579 1231 2622 (Migne,
1262 2579 1352 2611 Patr.
1367 2589 1440 2622 gr.‚
1464 2579 1600 2619 LXVII,

235 2642 265 2664 c.
288 2633 388 2674 840);
424 2631 601 2675 Evagrius,
630 2631 708 2675 Hist.
740 2630 862 2674 eccles,
892 2631 913 2664 Ι.
942 2632 969 2672 Ι,
998 2642 1044 2664 cc.
1073 2644 1127 2672 20,
1157 2643 1196 2663 21
1232 2631 1380 2675 (Migne,
1411 2631 1499 2663 Patr.
1524 2642 1598 2674 gn,

237 2685 433 2725 LXXXVI,
451 2695 497 2717 cc.
514 2695 617 2726 2473,
641 2685 767 2727 2476);
788 2683 1029 2728 TheophaneS,
1050 2683 1332 2728 Chr-onographia,
1352 2683 1393 2716 ad
1412 2695 1488 2716 ann.
1513 2695 1600 2726 5927

240 2736 311 2780 (ed.
339 2737 460 2778 Bonn.,
476 2737 504 2778 1,
522 2747 553 2781 p.
583 2736 682 2781 ¹43);
714 2735 889 2770 Chronicon
913 2736 1081 2780 paschale,
1105 2736 1145 2769 ad
1165 2748 1241 2769 ann.
1263 2749 1331 2778 444
1350 2737 1413 2777 (ed.
1434 2737 1556 2777 Bonn.,
1579 2738 1602 2775 1,

400 2800 426 2833 Ρ
1395 2813 1436 2833 20
