<?xml version="1.0" encoding="UTF-8"?>
<!DOCTYPE html PUBLIC "-//W3C//DTD XHTML 1.0 Transitional//EN"
    "http://www.w3.org/TR/xhtml1/DTD/xhtml1-transitional.dtd">
<html xmlns="http://www.w3.org/1999/xhtml" xml:lang="en" lang="en">
 <head>
  <title>
</title>
<meta http-equiv="Content-Type" content="text/html;charset=utf-8" />
  <meta name='ocr-system' content='tesseract 3.04.00' />
  <meta name='ocr-capabilities' content='ocr_page ocr_carea ocr_par ocr_line ocrx_word'/>
</head>
<body>
  <div class='ocr_page' id='page_1' title='image "./p1itinerahierosoly02tobl_0089.png"; bbox 0 0 2131 3552; ppageno 0'>
   <div class='ocr_carea' id='block_1_1' title="bbox 819 237 1557 304">
    <p class='ocr_par' dir='ltr' id='par_1_1' title="bbox 819 237 1557 304">
     <span class='ocr_line' id='line_1_1' title="bbox 819 237 1557 304; baseline 0.011 -10"><span class='ocrx_word' id='word_1_1' title='bbox 819 237 954 297; x_wconf 82' lang='lat'><em>(385)</em></span> <span class='ocrx_word' id='word_1_2' title='bbox 1499 252 1557 304; x_wconf 82' lang='lat'>75</span> 
     </span>
    </p>
   </div>
   <div class='ocr_carea' id='block_1_2' title="bbox 866 328 1544 336">
    <p class='ocr_par' dir='ltr' id='par_1_2' title="bbox 866 328 1544 336">
     <span class='ocr_line' id='line_1_2' title="bbox 866 328 1544 336; baseline 0 0"><span class='ocrx_word' id='word_1_3' title='bbox 866 328 1544 336; x_wconf 95' lang='lat' dir='ltr'> </span> 
     </span>
    </p>
   </div>
   <div class='ocr_carea' id='block_1_3' title="bbox 202 391 1561 678">
    <p class='ocr_par' dir='ltr' id='par_1_3' title="bbox 203 391 1559 503">
     <span class='ocr_line' id='line_1_3' title="bbox 203 391 1559 446; baseline 0.004 -16"><span class='ocrx_word' id='word_1_4' title='bbox 203 392 296 445; x_wconf 92' lang='lat' dir='ltr'>quid</span> <span class='ocrx_word' id='word_1_5' title='bbox 319 392 468 445; x_wconf 82' lang='lat' dir='ltr'>garrire</span> <span class='ocrx_word' id='word_1_6' title='bbox 489 393 538 431; x_wconf 90' lang='lat' dir='ltr'>de</span> <span class='ocrx_word' id='word_1_7' title='bbox 558 391 690 444; x_wconf 89' lang='lat' dir='ltr'>spiritu</span> <span class='ocrx_word' id='word_1_8' title='bbox 714 391 845 430; x_wconf 68' lang='lat' dir='ltr'>san&amp;o</span> <span class='ocrx_word' id='word_1_9' title='bbox 867 391 904 431; x_wconf 88' lang='lat'>&amp;</span> <span class='ocrx_word' id='word_1_10' title='bbox 924 403 1105 445; x_wconf 87' lang='lat' dir='ltr'>coeptum</span> <span class='ocrx_word' id='word_1_11' title='bbox 1127 394 1360 446; x_wconf 89' lang='lat' dir='ltr'>opusculum</span> <span class='ocrx_word' id='word_1_12' title='bbox 1390 397 1559 436; x_wconf 83' lang='lat' dir='ltr'>eiusdem</span> 
     </span>
     <span class='ocr_line' id='line_1_4' title="bbox 204 450 870 503; baseline 0.002 -15"><span class='ocrx_word' id='word_1_13' title='bbox 204 451 312 490; x_wconf 85' lang='lat' dir='ltr'>urbis</span> <span class='ocrx_word' id='word_1_14' title='bbox 335 450 512 503; x_wconf 79' lang='lat' dir='ltr'>pontifici</span> <span class='ocrx_word' id='word_1_15' title='bbox 535 450 719 489; x_wconf 88' lang='lat' dir='ltr'>dedicare</span> <span class='ocrx_word' id='word_1_16' title='bbox 740 480 870 489; x_wconf 91' lang='grc'><strong>.....</strong></span> 
     </span>
    </p>

    <p class='ocr_par' dir='ltr' id='par_1_4' title="bbox 202 507 1561 678">
     <span class='ocr_line' id='line_1_5' title="bbox 258 507 1560 563; baseline 0.003 -15"><span class='ocrx_word' id='word_1_17' title='bbox 258 527 272 544; x_wconf 61' lang='grc' dir='ltr'>«κ</span> <span class='ocrx_word' id='word_1_18' title='bbox 299 507 398 549; x_wconf 82' lang='lat' dir='ltr'>Ilico</span> <span class='ocrx_word' id='word_1_19' title='bbox 420 524 494 562; x_wconf 83' lang='lat' dir='ltr'>ego</span> <span class='ocrx_word' id='word_1_20' title='bbox 516 508 624 547; x_wconf 89' lang='lat' dir='ltr'>velut</span> <span class='ocrx_word' id='word_1_21' title='bbox 646 507 889 560; x_wconf 87' lang='lat' dir='ltr'>postliminio</span> <span class='ocrx_word' id='word_1_22' title='bbox 912 509 1166 563; x_wconf 73' lang='lat' dir='ltr'>lerosolymam</span> <span class='ocrx_word' id='word_1_23' title='bbox 1196 510 1277 549; x_wconf 88' lang='lat' dir='ltr'>sum</span> <span class='ocrx_word' id='word_1_24' title='bbox 1308 512 1495 562; x_wconf 85' lang='lat' dir='ltr'>reversus,</span> <span class='ocrx_word' id='word_1_25' title='bbox 1523 514 1560 552; x_wconf 65' lang='grc' dir='ltr'>δε</span> 
     </span>
     <span class='ocr_line' id='line_1_6' title="bbox 204 562 1561 620; baseline 0.002 -13"><span class='ocrx_word' id='word_1_26' title='bbox 204 567 288 620; x_wconf 92' lang='lat' dir='ltr'>post</span> <span class='ocrx_word' id='word_1_27' title='bbox 305 566 469 607; x_wconf 89' lang='lat' dir='ltr'>Romuli</span> <span class='ocrx_word' id='word_1_28' title='bbox 495 565 621 606; x_wconf 89' lang='lat' dir='ltr'>casam</span> <span class='ocrx_word' id='word_1_29' title='bbox 643 566 897 606; x_wconf 86' lang='lat' dir='ltr'>&amp;nudorum</span> <span class='ocrx_word' id='word_1_30' title='bbox 919 562 1111 620; x_wconf 81' lang='lat' dir='ltr'>lupercal,</span> <span class='ocrx_word' id='word_1_31' title='bbox 1137 568 1395 608; x_wconf 84' lang='lat' dir='ltr'>diversorium</span> <span class='ocrx_word' id='word_1_32' title='bbox 1418 570 1561 610; x_wconf 74' lang='lat' dir='ltr'>Mariae</span> 
     </span>
     <span class='ocr_line' id='line_1_7' title="bbox 202 624 928 678; baseline -0.001 -14"><span class='ocrx_word' id='word_1_33' title='bbox 202 625 239 664; x_wconf 85' lang='lat'>&amp;</span> <span class='ocrx_word' id='word_1_34' title='bbox 262 625 489 678; x_wconf 87' lang='lat' dir='ltr'><strong>speluncam</strong></span> <span class='ocrx_word' id='word_1_35' title='bbox 510 624 725 663; x_wconf 74' lang='lat' dir='ltr'>salvatoris</span> <span class='ocrx_word' id='word_1_36' title='bbox 746 624 888 676; x_wconf 78' lang='lat' dir='ltr'>aspexi.</span> <span class='ocrx_word' id='word_1_37' title='bbox 916 642 928 660; x_wconf 86' lang='lat'>»</span> 
     </span>
    </p>
   </div>
   <div class='ocr_carea' id='block_1_4' title="bbox 201 695 1560 792">
    <p class='ocr_par' dir='ltr' id='par_1_5' title="bbox 201 695 1560 792">
     <span class='ocr_line' id='line_1_8' title="bbox 295 695 1560 742; baseline 0.002 -13"><span class='ocrx_word' id='word_1_38' title='bbox 295 698 336 738; x_wconf 90' lang='lat' dir='ltr'>[S.</span> <span class='ocrx_word' id='word_1_39' title='bbox 357 696 594 741; x_wconf 79' lang='lat' dir='ltr'>Hieronymus,</span> <span class='ocrx_word' id='word_1_40' title='bbox 612 697 665 729; x_wconf 85' lang='lat' dir='ltr'>Ad</span> <span class='ocrx_word' id='word_1_41' title='bbox 681 695 919 736; x_wconf 84' lang='lat' dir='ltr'><em>Paulinianum,</em></span> <span class='ocrx_word' id='word_1_42' title='bbox 945 699 986 729; x_wconf 86' lang='lat' dir='ltr'>de</span> <span class='ocrx_word' id='word_1_43' title='bbox 1010 696 1128 740; x_wconf 80' lang='lat' dir='ltr'>Spiritu</span> <span class='ocrx_word' id='word_1_44' title='bbox 1152 700 1265 730; x_wconf 62' lang='lat' dir='ltr'>Sanfflo</span> <span class='ocrx_word' id='word_1_45' title='bbox 1293 698 1446 742; x_wconf 88' lang='lat' dir='ltr'>(Migne,</span> <span class='ocrx_word' id='word_1_46' title='bbox 1470 700 1560 732; x_wconf 81' lang='lat' dir='ltr'>Patr.</span> 
     </span>
     <span class='ocr_line' id='line_1_9' title="bbox 201 748 590 792; baseline -0.008 -10"><span class='ocrx_word' id='word_1_47' title='bbox 201 749 270 792; x_wconf 87' lang='lat' dir='ltr'>lat.‚</span> <span class='ocrx_word' id='word_1_48' title='bbox 287 750 415 790; x_wconf 89' lang='lat' dir='ltr'>XXIII,</span> <span class='ocrx_word' id='word_1_49' title='bbox 433 760 460 781; x_wconf 94' lang='lat' dir='ltr'>c.</span> <span class='ocrx_word' id='word_1_50' title='bbox 483 748 590 790; x_wconf 82' lang='lat'>101).]</span> 
     </span>
    </p>
   </div>
   <div class='ocr_carea' id='block_1_5' title="bbox 199 827 1563 1354">
    <p class='ocr_par' dir='ltr' id='par_1_6' title="bbox 199 827 1563 1354">
     <span class='ocr_line' id='line_1_10' title="bbox 256 827 1563 882; baseline 0.004 -17"><span class='ocrx_word' id='word_1_51' title='bbox 256 846 271 865; x_wconf 65' lang='grc' dir='ltr'><strong><em>ι</em></strong></span> <span class='ocrx_word' id='word_1_52' title='bbox 287 827 401 878; x_wconf 87' lang='lat' dir='ltr'>Haec,</span> <span class='ocrx_word' id='word_1_53' title='bbox 418 829 470 866; x_wconf 90' lang='lat' dir='ltr'>mi</span> <span class='ocrx_word' id='word_1_54' title='bbox 489 828 654 867; x_wconf 91' lang='lat' dir='ltr'>domina</span> <span class='ocrx_word' id='word_1_55' title='bbox 669 827 816 879; x_wconf 88' lang='lat' dir='ltr'>Afella,</span> <span class='ocrx_word' id='word_1_56' title='bbox 840 842 965 882; x_wconf 90' lang='lat' dir='ltr'>quum</span> <span class='ocrx_word' id='word_1_57' title='bbox 981 829 1060 868; x_wconf 86' lang='lat' dir='ltr'>iam</span> <span class='ocrx_word' id='word_1_58' title='bbox 1076 843 1220 868; x_wconf 88' lang='lat' dir='ltr'>navem</span> <span class='ocrx_word' id='word_1_59' title='bbox 1237 829 1563 882; x_wconf 86' lang='lat' dir='ltr'>conscenderem,</span> 
     </span>
     <span class='ocr_line' id='line_1_11' title="bbox 201 884 1562 940; baseline 0.002 -15"><span class='ocrx_word' id='word_1_60' title='bbox 201 885 345 937; x_wconf 88' lang='lat' dir='ltr'>raptim</span> <span class='ocrx_word' id='word_1_61' title='bbox 371 886 471 926; x_wconf 87' lang='lat' dir='ltr'>flens</span> <span class='ocrx_word' id='word_1_62' title='bbox 502 885 718 940; x_wconf 87' lang='lat' dir='ltr'>dolensque</span> <span class='ocrx_word' id='word_1_63' title='bbox 745 884 970 940; x_wconf 77' lang='lat' dir='ltr'>conscripsi,</span> <span class='ocrx_word' id='word_1_64' title='bbox 996 886 1033 926; x_wconf 89' lang='lat'>&amp;</span> <span class='ocrx_word' id='word_1_65' title='bbox 1059 887 1202 939; x_wconf 82' lang='lat' dir='ltr'>gratias</span> <span class='ocrx_word' id='word_1_66' title='bbox 1228 901 1302 940; x_wconf 87' lang='lat' dir='ltr'>ago</span> <span class='ocrx_word' id='word_1_67' title='bbox 1333 886 1426 927; x_wconf 90' lang='lat' dir='ltr'>Deo</span> <span class='ocrx_word' id='word_1_68' title='bbox 1455 903 1562 940; x_wconf 89' lang='lat' dir='ltr'>meo,</span> 
     </span>
     <span class='ocr_line' id='line_1_12' title="bbox 201 942 1561 998; baseline 0.004 -15"><span class='ocrx_word' id='word_1_69' title='bbox 201 944 307 998; x_wconf 92' lang='lat' dir='ltr'>quod</span> <span class='ocrx_word' id='word_1_70' title='bbox 336 944 478 998; x_wconf 87' lang='lat' dir='ltr'>dignus</span> <span class='ocrx_word' id='word_1_71' title='bbox 504 942 589 996; x_wconf 85' lang='lat' dir='ltr'>fim,</span> <span class='ocrx_word' id='word_1_72' title='bbox 614 959 735 998; x_wconf 88' lang='lat' dir='ltr'>quem</span> <span class='ocrx_word' id='word_1_73' title='bbox 761 947 934 985; x_wconf 91' lang='lat' dir='ltr'>mundus</span> <span class='ocrx_word' id='word_1_74' title='bbox 964 945 1108 985; x_wconf 90' lang='lat' dir='ltr'>oderit.</span> <span class='ocrx_word' id='word_1_75' title='bbox 1144 946 1233 987; x_wconf 91' lang='lat' dir='ltr'>Ora</span> <span class='ocrx_word' id='word_1_76' title='bbox 1268 957 1401 985; x_wconf 89' lang='lat' dir='ltr'>autem</span> <span class='ocrx_word' id='word_1_77' title='bbox 1438 958 1479 986; x_wconf 95' lang='lat' dir='ltr'>ut</span> <span class='ocrx_word' id='word_1_78' title='bbox 1513 948 1561 988; x_wconf 87' lang='lat' dir='ltr'>de</span> 
     </span>
     <span class='ocr_line' id='line_1_13' title="bbox 199 1003 1560 1060; baseline 0.001 -17"><span class='ocrx_word' id='word_1_79' title='bbox 199 1003 384 1056; x_wconf 82' lang='lat' dir='ltr'>Babylone</span> <span class='ocrx_word' id='word_1_80' title='bbox 414 1003 668 1060; x_wconf 80' lang='lat' dir='ltr'>lerosolymam</span> <span class='ocrx_word' id='word_1_81' title='bbox 701 1004 913 1058; x_wconf 86' lang='lat' dir='ltr'>regrediar,</span> <span class='ocrx_word' id='word_1_82' title='bbox 940 1019 990 1044; x_wconf 92' lang='lat' dir='ltr'>ne</span> <span class='ocrx_word' id='word_1_83' title='bbox 1023 1004 1122 1043; x_wconf 92' lang='lat' dir='ltr'>mihi</span> <span class='ocrx_word' id='word_1_84' title='bbox 1157 1006 1388 1044; x_wconf 87' lang='lat' dir='ltr'>dominetur</span> <span class='ocrx_word' id='word_1_85' title='bbox 1417 1006 1560 1045; x_wconf 91' lang='lat' dir='ltr'>Nabu-</span> 
     </span>
     <span class='ocr_line' id='line_1_14' title="bbox 199 1061 1562 1117; baseline 0.001 -15"><span class='ocrx_word' id='word_1_86' title='bbox 199 1062 466 1114; x_wconf 83' lang='lat' dir='ltr'>chodonosor,</span> <span class='ocrx_word' id='word_1_87' title='bbox 484 1062 545 1102; x_wconf 89' lang='lat' dir='ltr'>sed</span> <span class='ocrx_word' id='word_1_88' title='bbox 568 1061 687 1113; x_wconf 90' lang='lat' dir='ltr'>Iesus,</span> <span class='ocrx_word' id='word_1_89' title='bbox 702 1062 806 1104; x_wconf 87' lang='lat' dir='ltr'>filius</span> <span class='ocrx_word' id='word_1_90' title='bbox 827 1061 969 1117; x_wconf 93' lang='lat' dir='ltr'>Ioseph</span> <span class='ocrx_word' id='word_1_91' title='bbox 988 1094 997 1103; x_wconf 89' lang='lat'>.</span> <span class='ocrx_word' id='word_1_92' title='bbox 1014 1094 1022 1103; x_wconf 94' lang='lat'>.</span> <span class='ocrx_word' id='word_1_93' title='bbox 1040 1094 1049 1104; x_wconf 89' lang='lat'>.</span> <span class='ocrx_word' id='word_1_94' title='bbox 1076 1063 1211 1104; x_wconf 89' lang='lat' dir='ltr'>Saluta</span> <span class='ocrx_word' id='word_1_95' title='bbox 1228 1063 1392 1103; x_wconf 87' lang='lat' dir='ltr'>Paulam</span> <span class='ocrx_word' id='word_1_96' title='bbox 1409 1063 1447 1104; x_wconf 89' lang='lat'>&amp;</span> <span class='ocrx_word' id='word_1_97' title='bbox 1464 1064 1562 1104; x_wconf 87' lang='lat' dir='ltr'>Eus-</span> 
     </span>
     <span class='ocr_line' id='line_1_15' title="bbox 200 1120 1561 1174; baseline 0.002 -13"><span class='ocrx_word' id='word_1_98' title='bbox 200 1120 395 1172; x_wconf 89' lang='lat' dir='ltr'>tochium,</span> <span class='ocrx_word' id='word_1_99' title='bbox 426 1121 522 1162; x_wconf 88' lang='lat' dir='ltr'>velit</span> <span class='ocrx_word' id='word_1_100' title='bbox 547 1121 651 1161; x_wconf 89' lang='lat' dir='ltr'>nolit</span> <span class='ocrx_word' id='word_1_101' title='bbox 676 1122 862 1174; x_wconf 88' lang='lat' dir='ltr'>mundus,</span> <span class='ocrx_word' id='word_1_102' title='bbox 889 1122 928 1162; x_wconf 90' lang='lat' dir='ltr'>in</span> <span class='ocrx_word' id='word_1_103' title='bbox 964 1121 1126 1163; x_wconf 90' lang='lat' dir='ltr'>Christo</span> <span class='ocrx_word' id='word_1_104' title='bbox 1157 1136 1276 1162; x_wconf 92' lang='lat' dir='ltr'>meas.</span> <span class='ocrx_word' id='word_1_105' title='bbox 1313 1122 1448 1163; x_wconf 91' lang='lat' dir='ltr'>Saluta</span> <span class='ocrx_word' id='word_1_106' title='bbox 1476 1138 1561 1164; x_wconf 90' lang='lat' dir='ltr'>ma-</span> 
     </span>
     <span class='ocr_line' id='line_1_16' title="bbox 199 1180 1561 1236; baseline 0.002 -16"><span class='ocrx_word' id='word_1_107' title='bbox 199 1191 302 1220; x_wconf 89' lang='lat' dir='ltr'>trem</span> <span class='ocrx_word' id='word_1_108' title='bbox 319 1180 526 1231; x_wconf 85' lang='lat' dir='ltr'>Albinam,</span> <span class='ocrx_word' id='word_1_109' title='bbox 541 1180 798 1234; x_wconf 91' lang='lat' dir='ltr'>sororemque</span> <span class='ocrx_word' id='word_1_110' title='bbox 821 1181 1077 1232; x_wconf 86' lang='lat' dir='ltr'>Marcellam,</span> <span class='ocrx_word' id='word_1_111' title='bbox 1094 1181 1382 1222; x_wconf 84' lang='lat' dir='ltr'>Mareellinam</span> <span class='ocrx_word' id='word_1_112' title='bbox 1399 1197 1561 1236; x_wconf 91' lang='lat' dir='ltr'>quoque</span> 
     </span>
     <span class='ocr_line' id='line_1_17' title="bbox 199 1238 1562 1293; baseline 0.002 -14"><span class='ocrx_word' id='word_1_113' title='bbox 199 1239 237 1279; x_wconf 88' lang='lat'>&amp;</span> <span class='ocrx_word' id='word_1_114' title='bbox 253 1238 426 1280; x_wconf 61' lang='lat' dir='ltr'>sanctam</span> <span class='ocrx_word' id='word_1_115' title='bbox 440 1238 759 1280; x_wconf 87' lang='lat' dir='ltr'>Felicitatem.....</span> <span class='ocrx_word' id='word_1_116' title='bbox 778 1240 993 1281; x_wconf 89' lang='lat' dir='ltr'>Memento</span> <span class='ocrx_word' id='word_1_117' title='bbox 1006 1242 1101 1292; x_wconf 90' lang='lat' dir='ltr'>mei,</span> <span class='ocrx_word' id='word_1_118' title='bbox 1112 1240 1344 1293; x_wconf 89' lang='lat' dir='ltr'>exemplum</span> <span class='ocrx_word' id='word_1_119' title='bbox 1357 1241 1562 1293; x_wconf 86' lang='lat' dir='ltr'>pudicitiae</span> 
     </span>
     <span class='ocr_line' id='line_1_18' title="bbox 199 1296 1558 1354; baseline 0.002 -18"><span class='ocrx_word' id='word_1_120' title='bbox 199 1296 237 1336; x_wconf 77' lang='grc' dir='ltr'>δι</span> <span class='ocrx_word' id='word_1_121' title='bbox 252 1297 489 1351; x_wconf 88' lang='lat' dir='ltr'>virginitatis</span> <span class='ocrx_word' id='word_1_122' title='bbox 506 1298 667 1351; x_wconf 86' lang='lat' dir='ltr'>infigne,</span> <span class='ocrx_word' id='word_1_123' title='bbox 682 1297 900 1352; x_wconf 59' lang='lat' dir='ltr'>fluctusque</span> <span class='ocrx_word' id='word_1_124' title='bbox 916 1300 1036 1339; x_wconf 90' lang='lat' dir='ltr'>maris</span> <span class='ocrx_word' id='word_1_125' title='bbox 1053 1300 1129 1339; x_wconf 88' lang='lat' dir='ltr'>tuis</span> <span class='ocrx_word' id='word_1_126' title='bbox 1150 1299 1336 1352; x_wconf 87' lang='lat' dir='ltr'>precibus</span> <span class='ocrx_word' id='word_1_127' title='bbox 1353 1300 1529 1354; x_wconf 78' lang='lat' dir='ltr'>mitIga...</span> <span class='ocrx_word' id='word_1_128' title='bbox 1544 1316 1558 1335; x_wconf 79' lang='grc'>&gt;&gt;</span> 
     </span>
    </p>
   </div>
   <div class='ocr_carea' id='block_1_6' title="bbox 198 1376 1562 1525">
    <p class='ocr_par' dir='ltr' id='par_1_7' title="bbox 198 1376 1562 1525">
     <span class='ocr_line' id='line_1_19' title="bbox 293 1376 1562 1421; baseline 0.002 -13"><span class='ocrx_word' id='word_1_129' title='bbox 293 1377 338 1417; x_wconf 85' lang='lat' dir='ltr'>[S.</span> <span class='ocrx_word' id='word_1_130' title='bbox 360 1377 596 1421; x_wconf 82' lang='lat' dir='ltr'>HieronymuS,</span> <span class='ocrx_word' id='word_1_131' title='bbox 613 1376 746 1420; x_wconf 82' lang='lat' dir='ltr'>Eptstola</span> <span class='ocrx_word' id='word_1_132' title='bbox 760 1379 850 1418; x_wconf 91' lang='lat' dir='ltr'>XIV,</span> <span class='ocrx_word' id='word_1_133' title='bbox 862 1378 910 1409; x_wconf 88' lang='lat' dir='ltr'>ad</span> <span class='ocrx_word' id='word_1_134' title='bbox 926 1376 1068 1419; x_wconf 84' lang='lat' dir='ltr'>Asellam</span> <span class='ocrx_word' id='word_1_135' title='bbox 1088 1378 1240 1421; x_wconf 88' lang='lat' dir='ltr'>(Migne,</span> <span class='ocrx_word' id='word_1_136' title='bbox 1259 1378 1346 1409; x_wconf 82' lang='lat' dir='ltr'>Patr.</span> <span class='ocrx_word' id='word_1_137' title='bbox 1363 1377 1433 1419; x_wconf 18' lang='lat' dir='ltr'>latr,</span> <span class='ocrx_word' id='word_1_138' title='bbox 1452 1380 1562 1419; x_wconf 85' lang='lat' dir='ltr'>XXII,</span> 
     </span>
     <span class='ocr_line' id='line_1_20' title="bbox 198 1428 1560 1474; baseline 0.001 -13"><span class='ocrx_word' id='word_1_139' title='bbox 198 1439 225 1461; x_wconf 93' lang='lat' dir='ltr'>c.</span> <span class='ocrx_word' id='word_1_140' title='bbox 249 1431 447 1470; x_wconf 88' lang='lat'>482-484);</span> <span class='ocrx_word' id='word_1_141' title='bbox 477 1428 517 1461; x_wconf 85' lang='lat' dir='ltr'>cf.</span> <span class='ocrx_word' id='word_1_142' title='bbox 546 1429 572 1462; x_wconf 95' lang='lat' dir='ltr'>F</span> <span class='ocrx_word' id='word_1_143' title='bbox 576 1429 767 1471; x_wconf 70' lang='lat' dir='ltr'>flodoardus,</span> <span class='ocrx_word' id='word_1_144' title='bbox 794 1431 846 1462; x_wconf 87' lang='lat' dir='ltr'>De</span> <span class='ocrx_word' id='word_1_145' title='bbox 877 1430 1047 1474; x_wconf 76' lang='lat' dir='ltr'><em>triumphis</em></span> <span class='ocrx_word' id='word_1_146' title='bbox 1076 1431 1193 1474; x_wconf 73' lang='lat' dir='ltr'>Christi</span> <span class='ocrx_word' id='word_1_147' title='bbox 1209 1430 1242 1463; x_wconf 89' lang='lat' dir='ltr'>in</span> <span class='ocrx_word' id='word_1_148' title='bbox 1266 1430 1347 1472; x_wconf 63' lang='lat' dir='ltr'>Pal„</span> <span class='ocrx_word' id='word_1_149' title='bbox 1374 1431 1396 1464; x_wconf 88' lang='lat' dir='ltr'>l.</span> <span class='ocrx_word' id='word_1_150' title='bbox 1414 1431 1474 1472; x_wconf 89' lang='lat'>111,</span> <span class='ocrx_word' id='word_1_151' title='bbox 1495 1441 1521 1463; x_wconf 92' lang='lat' dir='ltr'>c.</span> <span class='ocrx_word' id='word_1_152' title='bbox 1544 1442 1560 1470; x_wconf 93' lang='lat'>7</span> 
     </span>
     <span class='ocr_line' id='line_1_21' title="bbox 200 1481 797 1525; baseline 0 -11"><span class='ocrx_word' id='word_1_153' title='bbox 200 1481 314 1525; x_wconf 85' lang='lat' dir='ltr'>(Ibid.,</span> <span class='ocrx_word' id='word_1_154' title='bbox 332 1483 505 1523; x_wconf 90' lang='lat' dir='ltr'>CXXXV,</span> <span class='ocrx_word' id='word_1_155' title='bbox 525 1493 574 1515; x_wconf 93' lang='lat' dir='ltr'>cc.</span> <span class='ocrx_word' id='word_1_156' title='bbox 597 1483 797 1525; x_wconf 83' lang='lat'>517-519).]</span> 
     </span>
    </p>
   </div>
   <div class='ocr_carea' id='block_1_7' title="bbox 197 1558 1564 2791">
    <p class='ocr_par' dir='ltr' id='par_1_8' title="bbox 197 1558 1564 2791">
     <span class='ocr_line' id='line_1_22' title="bbox 255 1558 1561 1613; baseline 0.003 -16"><span class='ocrx_word' id='word_1_157' title='bbox 255 1579 269 1598; x_wconf 86' lang='lat'>«</span> <span class='ocrx_word' id='word_1_158' title='bbox 296 1561 369 1601; x_wconf 90' lang='lat' dir='ltr'>Vis</span> <span class='ocrx_word' id='word_1_159' title='bbox 389 1558 498 1600; x_wconf 88' lang='lat' dir='ltr'>noffe</span> <span class='ocrx_word' id='word_1_160' title='bbox 520 1560 778 1613; x_wconf 70' lang='lat' dir='ltr'>profefflonis</span> <span class='ocrx_word' id='word_1_161' title='bbox 800 1576 899 1601; x_wconf 83' lang='lat' dir='ltr'>meae</span> <span class='ocrx_word' id='word_1_162' title='bbox 921 1562 969 1602; x_wconf 91' lang='lat' dir='ltr'>de</span> <span class='ocrx_word' id='word_1_163' title='bbox 993 1563 1107 1602; x_wconf 89' lang='lat' dir='ltr'>Urbe</span> <span class='ocrx_word' id='word_1_164' title='bbox 1129 1563 1339 1603; x_wconf 88' lang='lat' dir='ltr'>ordinem?</span> <span class='ocrx_word' id='word_1_165' title='bbox 1372 1563 1561 1603; x_wconf 88' lang='lat' dir='ltr'>Narrabo</span> 
     </span>
     <span class='ocr_line' id='line_1_23' title="bbox 200 1619 1563 1673; baseline 0.001 -14"><span class='ocrx_word' id='word_1_166' title='bbox 200 1620 382 1660; x_wconf 91' lang='lat' dir='ltr'>breviter.</span> <span class='ocrx_word' id='word_1_167' title='bbox 406 1619 549 1659; x_wconf 89' lang='lat' dir='ltr'>Mense</span> <span class='ocrx_word' id='word_1_168' title='bbox 579 1620 755 1673; x_wconf 86' lang='lat' dir='ltr'>augusto,</span> <span class='ocrx_word' id='word_1_169' title='bbox 784 1620 970 1661; x_wconf 86' lang='lat' dir='ltr'>flantibus</span> <span class='ocrx_word' id='word_1_170' title='bbox 991 1622 1130 1672; x_wconf 85' lang='lat' dir='ltr'>etefiis,</span> <span class='ocrx_word' id='word_1_171' title='bbox 1164 1637 1258 1661; x_wconf 90' lang='lat' dir='ltr'>cum</span> <span class='ocrx_word' id='word_1_172' title='bbox 1293 1622 1426 1661; x_wconf 67' lang='lat' dir='ltr'>san&amp;o</span> <span class='ocrx_word' id='word_1_173' title='bbox 1460 1623 1563 1662; x_wconf 91' lang='lat' dir='ltr'>Vin-</span> 
     </span>
     <span class='ocr_line' id='line_1_24' title="bbox 199 1678 1560 1733; baseline 0 -14"><span class='ocrx_word' id='word_1_174' title='bbox 199 1679 334 1719; x_wconf 87' lang='lat' dir='ltr'>centio</span> <span class='ocrx_word' id='word_1_175' title='bbox 356 1678 586 1731; x_wconf 88' lang='lat' dir='ltr'>presbytero</span> <span class='ocrx_word' id='word_1_176' title='bbox 608 1678 646 1718; x_wconf 87' lang='lat'>&amp;</span> <span class='ocrx_word' id='word_1_177' title='bbox 667 1678 917 1718; x_wconf 88' lang='lat' dir='ltr'>adolescente</span> <span class='ocrx_word' id='word_1_178' title='bbox 939 1680 1056 1719; x_wconf 91' lang='lat' dir='ltr'>fratre</span> <span class='ocrx_word' id='word_1_179' title='bbox 1077 1681 1114 1720; x_wconf 85' lang='lat'>&amp;</span> <span class='ocrx_word' id='word_1_180' title='bbox 1136 1680 1220 1721; x_wconf 87' lang='lat' dir='ltr'>aliis</span> <span class='ocrx_word' id='word_1_181' title='bbox 1249 1681 1470 1730; x_wconf 89' lang='lat' dir='ltr'>monachis,</span> <span class='ocrx_word' id='word_1_182' title='bbox 1494 1680 1560 1733; x_wconf 88' lang='lat' dir='ltr'>qui</span> 
     </span>
     <span class='ocr_line' id='line_1_25' title="bbox 198 1737 1559 1795; baseline 0.001 -18"><span class='ocrx_word' id='word_1_183' title='bbox 198 1751 306 1777; x_wconf 89' lang='lat' dir='ltr'>nunc</span> <span class='ocrx_word' id='word_1_184' title='bbox 342 1737 570 1795; x_wconf 80' lang='lat' dir='ltr'>Ierosolymae</span> <span class='ocrx_word' id='word_1_185' title='bbox 604 1748 921 1788; x_wconf 89' lang='lat' dir='ltr'>commorantur,</span> <span class='ocrx_word' id='word_1_186' title='bbox 963 1739 1097 1778; x_wconf 90' lang='lat' dir='ltr'>navim</span> <span class='ocrx_word' id='word_1_187' title='bbox 1142 1740 1181 1778; x_wconf 90' lang='lat' dir='ltr'>in</span> <span class='ocrx_word' id='word_1_188' title='bbox 1217 1739 1406 1779; x_wconf 89' lang='lat' dir='ltr'>Romano</span> <span class='ocrx_word' id='word_1_189' title='bbox 1443 1750 1559 1791; x_wconf 88' lang='lat' dir='ltr'>portu</span> 
     </span>
     <span class='ocr_line' id='line_1_26' title="bbox 199 1795 1563 1851; baseline -0.001 -15"><span class='ocrx_word' id='word_1_190' title='bbox 199 1797 355 1836; x_wconf 91' lang='lat' dir='ltr'>securus</span> <span class='ocrx_word' id='word_1_191' title='bbox 389 1795 558 1846; x_wconf 90' lang='lat' dir='ltr'>ascendi,</span> <span class='ocrx_word' id='word_1_192' title='bbox 600 1796 773 1835; x_wconf 88' lang='lat' dir='ltr'>maxima</span> <span class='ocrx_word' id='word_1_193' title='bbox 808 1810 871 1836; x_wconf 91' lang='lat' dir='ltr'>me</span> <span class='ocrx_word' id='word_1_194' title='bbox 907 1796 1133 1836; x_wconf 65' lang='lat' dir='ltr'>sancstorum</span> <span class='ocrx_word' id='word_1_195' title='bbox 1175 1798 1397 1851; x_wconf 89' lang='lat' dir='ltr'>frequentia</span> <span class='ocrx_word' id='word_1_196' title='bbox 1431 1797 1563 1850; x_wconf 88' lang='lat' dir='ltr'>prose-</span> 
     </span>
     <span class='ocr_line' id='line_1_27' title="bbox 199 1854 1564 1909; baseline 0.001 -15"><span class='ocrx_word' id='word_1_197' title='bbox 199 1865 360 1909; x_wconf 89' lang='lat' dir='ltr'>quente.</span> <span class='ocrx_word' id='word_1_198' title='bbox 408 1855 510 1894; x_wconf 89' lang='lat' dir='ltr'>Veni</span> <span class='ocrx_word' id='word_1_199' title='bbox 548 1854 745 1907; x_wconf 84' lang='lat' dir='ltr'>Rhegium,</span> <span class='ocrx_word' id='word_1_200' title='bbox 784 1855 821 1894; x_wconf 88' lang='lat' dir='ltr'>in</span> <span class='ocrx_word' id='word_1_201' title='bbox 861 1855 1006 1909; x_wconf 78' lang='lat' dir='ltr'>Scyllaeo</span> <span class='ocrx_word' id='word_1_202' title='bbox 1049 1856 1184 1896; x_wconf 84' lang='lat' dir='ltr'>littore</span> <span class='ocrx_word' id='word_1_203' title='bbox 1220 1856 1427 1909; x_wconf 90' lang='lat' dir='ltr'>paululum</span> <span class='ocrx_word' id='word_1_204' title='bbox 1463 1856 1564 1906; x_wconf 90' lang='lat' dir='ltr'>steti,</span> 
     </span>
     <span class='ocr_line' id='line_1_28' title="bbox 200 1912 1562 1969; baseline 0.001 -17"><span class='ocrx_word' id='word_1_205' title='bbox 200 1915 266 1953; x_wconf 93' lang='lat' dir='ltr'>ubi</span> <span class='ocrx_word' id='word_1_206' title='bbox 287 1924 438 1953; x_wconf 89' lang='lat' dir='ltr'>veteres</span> <span class='ocrx_word' id='word_1_207' title='bbox 459 1913 580 1953; x_wconf 91' lang='lat' dir='ltr'>didici</span> <span class='ocrx_word' id='word_1_208' title='bbox 602 1912 753 1954; x_wconf 90' lang='lat' dir='ltr'>fabulas</span> <span class='ocrx_word' id='word_1_209' title='bbox 774 1913 812 1953; x_wconf 86' lang='lat'>&amp;</span> <span class='ocrx_word' id='word_1_210' title='bbox 834 1914 1080 1967; x_wconf 82' lang='lat' dir='ltr'>praecipitem</span> <span class='ocrx_word' id='word_1_211' title='bbox 1111 1915 1275 1968; x_wconf 88' lang='lat' dir='ltr'>pellacis</span> <span class='ocrx_word' id='word_1_212' title='bbox 1299 1915 1442 1969; x_wconf 86' lang='lat' dir='ltr'>Ulyffis</span> <span class='ocrx_word' id='word_1_213' title='bbox 1472 1929 1562 1954; x_wconf 90' lang='lat' dir='ltr'>cur-</span> 
     </span>
     <span class='ocr_line' id='line_1_29' title="bbox 199 1972 1561 2027; baseline 0 -15"><span class='ocrx_word' id='word_1_214' title='bbox 199 1972 296 2022; x_wconf 83' lang='lat' dir='ltr'>sum,</span> <span class='ocrx_word' id='word_1_215' title='bbox 325 1972 363 2012; x_wconf 85' lang='lat'>&amp;</span> <span class='ocrx_word' id='word_1_216' title='bbox 383 1972 612 2012; x_wconf 90' lang='lat' dir='ltr'>Sirenarum</span> <span class='ocrx_word' id='word_1_217' title='bbox 633 1973 801 2024; x_wconf 89' lang='lat' dir='ltr'>cantica,</span> <span class='ocrx_word' id='word_1_218' title='bbox 835 1973 873 2013; x_wconf 83' lang='lat'>&amp;</span> <span class='ocrx_word' id='word_1_219' title='bbox 903 1973 1165 2013; x_wconf 86' lang='lat' dir='ltr'>insatiabilem</span> <span class='ocrx_word' id='word_1_220' title='bbox 1188 1974 1415 2027; x_wconf 86' lang='lat' dir='ltr'>Charybdis</span> <span class='ocrx_word' id='word_1_221' title='bbox 1446 1988 1561 2012; x_wconf 91' lang='lat' dir='ltr'>vora-</span> 
     </span>
     <span class='ocr_line' id='line_1_30' title="bbox 198 2030 1562 2087; baseline -0.001 -15"><span class='ocrx_word' id='word_1_222' title='bbox 198 2033 345 2086; x_wconf 88' lang='lat' dir='ltr'>ginem.</span> <span class='ocrx_word' id='word_1_223' title='bbox 381 2030 608 2087; x_wconf 71' lang='lat' dir='ltr'>Quumque</span> <span class='ocrx_word' id='word_1_224' title='bbox 638 2031 736 2070; x_wconf 89' lang='lat' dir='ltr'>mihi</span> <span class='ocrx_word' id='word_1_225' title='bbox 766 2031 916 2070; x_wconf 86' lang='lat' dir='ltr'>accolae</span> <span class='ocrx_word' id='word_1_226' title='bbox 946 2031 1050 2072; x_wconf 85' lang='lat' dir='ltr'>illius</span> <span class='ocrx_word' id='word_1_227' title='bbox 1081 2031 1158 2071; x_wconf 88' lang='lat' dir='ltr'>loci</span> <span class='ocrx_word' id='word_1_228' title='bbox 1192 2031 1318 2071; x_wconf 89' lang='lat' dir='ltr'>multa</span> <span class='ocrx_word' id='word_1_229' title='bbox 1346 2042 1562 2081; x_wconf 87' lang='lat' dir='ltr'>narrarent,</span> 
     </span>
     <span class='ocr_line' id='line_1_31' title="bbox 199 2088 1559 2144; baseline -0.001 -14"><span class='ocrx_word' id='word_1_230' title='bbox 199 2091 420 2144; x_wconf 90' lang='lat' dir='ltr'>darentque</span> <span class='ocrx_word' id='word_1_231' title='bbox 461 2088 685 2140; x_wconf 88' lang='lat' dir='ltr'>confilium,</span> <span class='ocrx_word' id='word_1_232' title='bbox 727 2100 770 2129; x_wconf 91' lang='lat' dir='ltr'>ut</span> <span class='ocrx_word' id='word_1_233' title='bbox 803 2104 885 2129; x_wconf 92' lang='lat' dir='ltr'>non</span> <span class='ocrx_word' id='word_1_234' title='bbox 930 2091 974 2129; x_wconf 93' lang='lat' dir='ltr'>ad</span> <span class='ocrx_word' id='word_1_235' title='bbox 1006 2091 1132 2130; x_wconf 69' lang='lat' dir='ltr'>Protei</span> <span class='ocrx_word' id='word_1_236' title='bbox 1169 2091 1371 2140; x_wconf 82' lang='lat' dir='ltr'>columnas,</span> <span class='ocrx_word' id='word_1_237' title='bbox 1415 2090 1476 2130; x_wconf 90' lang='lat' dir='ltr'>sed</span> <span class='ocrx_word' id='word_1_238' title='bbox 1514 2091 1559 2129; x_wconf 90' lang='lat' dir='ltr'>ad</span> 
     </span>
     <span class='ocr_line' id='line_1_32' title="bbox 199 2149 1560 2203; baseline -0.002 -13"><span class='ocrx_word' id='word_1_239' title='bbox 199 2150 299 2190; x_wconf 81' lang='lat' dir='ltr'>Ionae</span> <span class='ocrx_word' id='word_1_240' title='bbox 326 2159 473 2203; x_wconf 86' lang='lat' dir='ltr'>portum</span> <span class='ocrx_word' id='word_1_241' title='bbox 507 2149 748 2202; x_wconf 86' lang='lat' dir='ltr'>navigarem,</span> <span class='ocrx_word' id='word_1_242' title='bbox 782 2150 889 2188; x_wconf 89' lang='lat' dir='ltr'>hunc</span> <span class='ocrx_word' id='word_1_243' title='bbox 918 2149 1025 2188; x_wconf 92' lang='lat' dir='ltr'>enim</span> <span class='ocrx_word' id='word_1_244' title='bbox 1056 2150 1299 2203; x_wconf 85' lang='lat' dir='ltr'>fugientium</span> <span class='ocrx_word' id='word_1_245' title='bbox 1321 2149 1358 2189; x_wconf 86' lang='lat'>&amp;</span> <span class='ocrx_word' id='word_1_246' title='bbox 1380 2149 1560 2188; x_wconf 89' lang='lat' dir='ltr'>turbato-</span> 
     </span>
     <span class='ocr_line' id='line_1_33' title="bbox 197 2206 1562 2261; baseline 0 -13"><span class='ocrx_word' id='word_1_247' title='bbox 197 2223 300 2260; x_wconf 86' lang='lat' dir='ltr'>rum,</span> <span class='ocrx_word' id='word_1_248' title='bbox 335 2208 449 2248; x_wconf 91' lang='lat' dir='ltr'>illum</span> <span class='ocrx_word' id='word_1_249' title='bbox 476 2207 598 2247; x_wconf 91' lang='lat' dir='ltr'>securi</span> <span class='ocrx_word' id='word_1_250' title='bbox 619 2207 794 2248; x_wconf 90' lang='lat' dir='ltr'>hominis</span> <span class='ocrx_word' id='word_1_251' title='bbox 824 2206 899 2247; x_wconf 86' lang='lat' dir='ltr'>effe</span> <span class='ocrx_word' id='word_1_252' title='bbox 920 2207 1088 2258; x_wconf 86' lang='lat' dir='ltr'>cursum,</span> <span class='ocrx_word' id='word_1_253' title='bbox 1133 2208 1255 2247; x_wconf 90' lang='lat' dir='ltr'>malui</span> <span class='ocrx_word' id='word_1_254' title='bbox 1297 2223 1367 2261; x_wconf 90' lang='lat' dir='ltr'>per</span> <span class='ocrx_word' id='word_1_255' title='bbox 1401 2207 1562 2248; x_wconf 79' lang='lat' dir='ltr'>Maleas</span> 
     </span>
     <span class='ocr_line' id='line_1_34' title="bbox 199 2266 1561 2321; baseline -0.004 -12"><span class='ocrx_word' id='word_1_256' title='bbox 199 2268 237 2309; x_wconf 74' lang='grc' dir='ltr'>δε</span> <span class='ocrx_word' id='word_1_257' title='bbox 257 2267 435 2321; x_wconf 83' lang='lat' dir='ltr'>Cycladas</span> <span class='ocrx_word' id='word_1_258' title='bbox 455 2267 616 2320; x_wconf 83' lang='lat' dir='ltr'>Cyprum</span> <span class='ocrx_word' id='word_1_259' title='bbox 639 2280 811 2320; x_wconf 86' lang='lat' dir='ltr'>pergere.</span> <span class='ocrx_word' id='word_1_260' title='bbox 844 2267 925 2306; x_wconf 93' lang='lat' dir='ltr'>Ubi</span> <span class='ocrx_word' id='word_1_261' title='bbox 948 2266 1146 2320; x_wconf 91' lang='lat' dir='ltr'>susceptus</span> <span class='ocrx_word' id='word_1_262' title='bbox 1168 2281 1190 2306; x_wconf 91' lang='lat' dir='ltr'>a</span> <span class='ocrx_word' id='word_1_263' title='bbox 1210 2266 1426 2306; x_wconf 90' lang='lat' dir='ltr'>venerabili</span> <span class='ocrx_word' id='word_1_264' title='bbox 1462 2266 1561 2319; x_wconf 89' lang='lat' dir='ltr'>epis-</span> 
     </span>
     <span class='ocr_line' id='line_1_35' title="bbox 198 2323 1562 2380; baseline -0.001 -14"><span class='ocrx_word' id='word_1_265' title='bbox 198 2341 304 2380; x_wconf 93' lang='lat' dir='ltr'>copo</span> <span class='ocrx_word' id='word_1_266' title='bbox 318 2326 563 2380; x_wconf 88' lang='lat' dir='ltr'>Epiphanio,</span> <span class='ocrx_word' id='word_1_267' title='bbox 579 2326 692 2366; x_wconf 87' lang='lat' dir='ltr'>cuius</span> <span class='ocrx_word' id='word_1_268' title='bbox 705 2336 746 2365; x_wconf 94' lang='lat' dir='ltr'>tu</span> <span class='ocrx_word' id='word_1_269' title='bbox 763 2326 991 2365; x_wconf 88' lang='lat' dir='ltr'>testimonio</span> <span class='ocrx_word' id='word_1_270' title='bbox 1008 2326 1203 2379; x_wconf 85' lang='lat' dir='ltr'>gloriaris,</span> <span class='ocrx_word' id='word_1_271' title='bbox 1216 2326 1306 2365; x_wconf 91' lang='lat' dir='ltr'>veni</span> <span class='ocrx_word' id='word_1_272' title='bbox 1322 2323 1562 2375; x_wconf 81' lang='lat' dir='ltr'>Antiochiam,</span> 
     </span>
     <span class='ocr_line' id='line_1_36' title="bbox 199 2383 1560 2437; baseline -0.003 -11"><span class='ocrx_word' id='word_1_273' title='bbox 199 2387 266 2427; x_wconf 91' lang='lat' dir='ltr'>ubi</span> <span class='ocrx_word' id='word_1_274' title='bbox 283 2387 423 2426; x_wconf 86' lang='lat' dir='ltr'>fruitus</span> <span class='ocrx_word' id='word_1_275' title='bbox 441 2386 523 2424; x_wconf 91' lang='lat' dir='ltr'>sum</span> <span class='ocrx_word' id='word_1_276' title='bbox 540 2386 830 2424; x_wconf 87' lang='lat' dir='ltr'>communione</span> <span class='ocrx_word' id='word_1_277' title='bbox 847 2384 1048 2437; x_wconf 88' lang='lat' dir='ltr'>pontificis</span> <span class='ocrx_word' id='word_1_278' title='bbox 1064 2383 1374 2437; x_wconf 74' lang='lat' dir='ltr'>confessorisque</span> <span class='ocrx_word' id='word_1_279' title='bbox 1394 2383 1560 2434; x_wconf 83' lang='lat' dir='ltr'>Paulini,</span> 
     </span>
     <span class='ocr_line' id='line_1_37' title="bbox 200 2443 1558 2496; baseline -0.003 -11"><span class='ocrx_word' id='word_1_280' title='bbox 200 2445 237 2485; x_wconf 90' lang='lat'>&amp;</span> <span class='ocrx_word' id='word_1_281' title='bbox 258 2445 453 2485; x_wconf 67' lang='lat' dir='ltr'>deducC&#39;ms</span> <span class='ocrx_word' id='word_1_282' title='bbox 474 2444 522 2483; x_wconf 89' lang='lat' dir='ltr'>ab</span> <span class='ocrx_word' id='word_1_283' title='bbox 547 2458 595 2483; x_wconf 92' lang='lat' dir='ltr'>eo</span> <span class='ocrx_word' id='word_1_284' title='bbox 617 2444 748 2483; x_wconf 90' lang='lat' dir='ltr'>media</span> <span class='ocrx_word' id='word_1_285' title='bbox 767 2444 900 2482; x_wconf 89' lang='lat' dir='ltr'>hieme</span> <span class='ocrx_word' id='word_1_286' title='bbox 921 2443 958 2483; x_wconf 85' lang='lat'>&amp;</span> <span class='ocrx_word' id='word_1_287' title='bbox 984 2444 1127 2496; x_wconf 86' lang='lat' dir='ltr'>frigore</span> <span class='ocrx_word' id='word_1_288' title='bbox 1157 2443 1393 2496; x_wconf 83' lang='lat' dir='ltr'>gravissimo,</span> <span class='ocrx_word' id='word_1_289' title='bbox 1417 2443 1558 2482; x_wconf 86' lang='lat' dir='ltr'>intravi</span> 
     </span>
     <span class='ocr_line' id='line_1_38' title="bbox 200 2501 1561 2562; baseline -0.004 -18"><span class='ocrx_word' id='word_1_290' title='bbox 200 2505 466 2562; x_wconf 84' lang='lat' dir='ltr'>lerosolymam.</span> <span class='ocrx_word' id='word_1_291' title='bbox 499 2503 596 2542; x_wconf 91' lang='lat' dir='ltr'>Vidi</span> <span class='ocrx_word' id='word_1_292' title='bbox 618 2501 744 2542; x_wconf 89' lang='lat' dir='ltr'>multa</span> <span class='ocrx_word' id='word_1_293' title='bbox 765 2502 970 2552; x_wconf 88' lang='lat' dir='ltr'>miracula,</span> <span class='ocrx_word' id='word_1_294' title='bbox 1005 2502 1043 2542; x_wconf 87' lang='lat'>&amp;</span> <span class='ocrx_word' id='word_1_295' title='bbox 1063 2517 1152 2555; x_wconf 85' lang='lat' dir='ltr'>quae</span> <span class='ocrx_word' id='word_1_296' title='bbox 1175 2503 1281 2554; x_wconf 88' lang='lat' dir='ltr'>prius</span> <span class='ocrx_word' id='word_1_297' title='bbox 1302 2503 1349 2541; x_wconf 89' lang='lat' dir='ltr'>ad</span> <span class='ocrx_word' id='word_1_298' title='bbox 1372 2516 1436 2540; x_wconf 88' lang='lat' dir='ltr'>me</span> <span class='ocrx_word' id='word_1_299' title='bbox 1458 2502 1561 2540; x_wconf 88' lang='lat' dir='ltr'>fama</span> 
     </span>
     <span class='ocr_line' id='line_1_39' title="bbox 200 2559 1558 2619; baseline -0.004 -15"><span class='ocrx_word' id='word_1_300' title='bbox 200 2562 429 2619; x_wconf 90' lang='lat' dir='ltr'>pertulerat,</span> <span class='ocrx_word' id='word_1_301' title='bbox 466 2560 678 2601; x_wconf 90' lang='lat' dir='ltr'>oculorum</span> <span class='ocrx_word' id='word_1_302' title='bbox 713 2561 863 2600; x_wconf 89' lang='lat' dir='ltr'>iudicio</span> <span class='ocrx_word' id='word_1_303' title='bbox 909 2561 1186 2614; x_wconf 90' lang='lat' dir='ltr'>comprobavi.</span> <span class='ocrx_word' id='word_1_304' title='bbox 1230 2559 1330 2600; x_wconf 90' lang='lat' dir='ltr'>Inde</span> <span class='ocrx_word' id='word_1_305' title='bbox 1369 2560 1558 2599; x_wconf 86' lang='lat' dir='ltr'>contendi</span> 
     </span>
     <span class='ocr_line' id='line_1_40' title="bbox 200 2619 1558 2677; baseline -0.004 -14"><span class='ocrx_word' id='word_1_306' title='bbox 200 2625 405 2677; x_wconf 86' lang='lat' dir='ltr'>AEgyptum,</span> <span class='ocrx_word' id='word_1_307' title='bbox 434 2620 593 2660; x_wconf 89' lang='lat' dir='ltr'>lustravi</span> <span class='ocrx_word' id='word_1_308' title='bbox 637 2619 872 2659; x_wconf 87' lang='lat' dir='ltr'>monasteria</span> <span class='ocrx_word' id='word_1_309' title='bbox 913 2620 1072 2670; x_wconf 71' lang='lat' dir='ltr'>Nitriae,</span> <span class='ocrx_word' id='word_1_310' title='bbox 1114 2619 1152 2659; x_wconf 69' lang='grc' dir='ltr'>δι</span> <span class='ocrx_word' id='word_1_311' title='bbox 1196 2620 1298 2659; x_wconf 86' lang='lat' dir='ltr'>inter</span> <span class='ocrx_word' id='word_1_312' title='bbox 1336 2619 1558 2658; x_wconf 67' lang='lat' dir='ltr'>san&amp;orum</span> 
     </span>
     <span class='ocr_line' id='line_1_41' title="bbox 200 2677 1560 2733; baseline -0.006 -10"><span class='ocrx_word' id='word_1_313' title='bbox 200 2684 348 2723; x_wconf 89' lang='lat' dir='ltr'>choros</span> <span class='ocrx_word' id='word_1_314' title='bbox 367 2680 519 2733; x_wconf 89' lang='lat' dir='ltr'>aspides</span> <span class='ocrx_word' id='word_1_315' title='bbox 540 2678 663 2719; x_wconf 88' lang='lat' dir='ltr'>latere</span> <span class='ocrx_word' id='word_1_316' title='bbox 685 2678 876 2732; x_wconf 86' lang='lat' dir='ltr'>perspexi.</span> <span class='ocrx_word' id='word_1_317' title='bbox 912 2678 1100 2719; x_wconf 89' lang='lat' dir='ltr'>Protinus</span> <span class='ocrx_word' id='word_1_318' title='bbox 1121 2679 1284 2717; x_wconf 87' lang='lat' dir='ltr'>concito</span> <span class='ocrx_word' id='word_1_319' title='bbox 1304 2679 1425 2730; x_wconf 87' lang='lat' dir='ltr'>gradu</span> <span class='ocrx_word' id='word_1_320' title='bbox 1448 2677 1560 2717; x_wconf 63' lang='lat' dir='ltr'>Beth-</span> 
     </span>
     <span class='ocr_line' id='line_1_42' title="bbox 200 2734 1560 2791; baseline -0.007 -9"><span class='ocrx_word' id='word_1_321' title='bbox 200 2742 288 2782; x_wconf 84' lang='lat' dir='ltr'>leem</span> <span class='ocrx_word' id='word_1_322' title='bbox 308 2753 439 2779; x_wconf 89' lang='lat' dir='ltr'>meam</span> <span class='ocrx_word' id='word_1_323' title='bbox 469 2738 642 2778; x_wconf 90' lang='lat' dir='ltr'>reversus</span> <span class='ocrx_word' id='word_1_324' title='bbox 663 2737 760 2789; x_wconf 84' lang='lat' dir='ltr'>sum,</span> <span class='ocrx_word' id='word_1_325' title='bbox 788 2738 854 2777; x_wconf 92' lang='lat' dir='ltr'>ubi</span> <span class='ocrx_word' id='word_1_326' title='bbox 882 2738 1044 2778; x_wconf 90' lang='lat' dir='ltr'>adoravi</span> <span class='ocrx_word' id='word_1_327' title='bbox 1067 2736 1239 2791; x_wconf 88' lang='lat' dir='ltr'>praesepe</span> <span class='ocrx_word' id='word_1_328' title='bbox 1261 2736 1298 2777; x_wconf 88' lang='lat'>&amp;</span> <span class='ocrx_word' id='word_1_329' title='bbox 1319 2734 1560 2776; x_wconf 88' lang='lat' dir='ltr'>incunabula</span> 
     </span>
    </p>
   </div>
  </div>
 </body>
</html>
