2131 3552
575 232 665 298 258
1187 233 1327 299 (600)

405 409 442 437 c.
459 391 553 440 600
571 393 932 441 S.THEODORUS
954 397 984 440 S
987 398 1131 452 iecora,
1151 396 1790 458 episcopus·&nastafiopolitanus
1804 394 1942 453 (tertia

569 466 691 525 vice),
720 468 987 527 IOHANNES,
1012 468 1332 524 archidiaconus,
1354 467 1394 511 ὅ»
1417 466 1691 512 MARTINUS
1710 470 1943 528 ‘Dugarien-

557 541 632 598 fis.
656 545 751 589 (428)

664 625 825 668 [Eleufius
847 625 1030 670 Georgius,
1051 626 1171 669 Vitas.
1195 626 1365 669 ‘meatim-i,
1382 637 1411 660 c.
1433 626 1530 668 VIII,
1550 627 1565 667 ἒ
1586 638 1627 669 59
1650 625 1760 670 (cuius
1783 627 1862 660 vers.
1884 627 1942 661 lat.

568 690 620 723 ap.
635 680 705 712 AA.
718 680 770 712 SS.
784 678 873 721 Ball„
891 679 993 724 Apr.,
1012 680 1076 721 ΙΙΙ,
1094 692 1124 724 p.
1142 678 1233 724 45).]

617 749 690 793 (Cf.
709 749 836 784 Itinera
849 762 977 795 graeca,
993 750 1037 794 Ι.)

392 881 427 910 c.
454 863 549 912 600
570 857 619 915 S.
655 855 924 927 Ifidoru8‚
951 854 1306 936 Hispalenfis
1329 853 1655 936 episcopUS.
1687 873 1747 917 (lij)

664 955 908 1000 [Topograplzia
929 954 1183 990 ‘Terra-Sanaae
1201 955 1321 1000 mystice
1338 954 1570 998 interpretata,
1595 967 1692 1000 opus,
1711 963 1746 988 ut
1765 954 1943 996 credimus,

568 1009 746 1050 ineditum,
766 1010 786 1041 s.
805 1009 930 1042 Ifidoro
942 1009 1125 1053 Hispalenfi
1144 1008 1357 1050 attributum,
1371 1008 1414 1041 ad
1433 1009 1640 1053 theologiam
1659 1009 1769 1054 potius
1788 1021 1888 1054 quam
1902 1009 1945 1042 ad

567 1063 809 1108 geographiam
828 1063 976 1107 speflans
995 1062 1093 1103 (Bibl.
1113 1061 1353 1105 Ambrofiana,
1374 1061 1530 1103 Mediol.‚
1545 1073 1576 1094 n.
1600 1063 1646 1096 G.
1668 1067 1708 1096 82
1729 1062 1858 1106 infer.).]

286 1170 547 1233 c.600-630
568 1169 617 1226 S.
654 1165 922 1237 Ifidorus‚
959 1164 1312 1248 Hispalenfis
1344 1165 1672 1247 episeopus
1711 1184 1792 1230 (11³5)

623 1290 639 1310 «
669 1273 822 1327 Syriam
856 1272 967 1326 Syrus
995 1273 1147 1325 quidam
1167 1271 1388 1325 perhibetur
1417 1272 1591 1324 indigena
1623 1287 1648 1311 a
1676 1272 1741 1327 suo
1770 1271 1948 1310 vocabulo

566 1332 806 1386 nuncupaffe.
828 1332 930 1372 Haec
958 1334 1005 1371 ab
1032 1332 1181 1381 oriente,
1197 1331 1328 1386 fluvio
1357 1329 1578 1383 Euphrate,
1607 1323 1827 1388 ab'occasu,
1846 1330 1950 1370 mari

565 1392 686 1446 nostro
707 1393 751 1431 Εἴ
772 1391 955 1445 AEgypto
976 1391 1217 1441 terminatur,
1231 1401 1383 1443 tangens
1404 1405 1427 1429 a
1436 1390 1686 1446 septentrione
1708 1390 1946 1430 Armeniam

567 1452 611 1490 ξεί
640 1450 962 1503 Cappadociam,
994 1467 1017 1490 a
1043 1450 1196 1490 meridie
1223 1448 1350 1488 finum
1374 1449 1610 1488 Arabicum.
1639 1449 1735 1489 Situs
1762 1449 1836 1489 eius
1854 1459 1947 1502 por-

567 1517 686 1551 reaus
705 1511 742 1550 in
763 1510 976 1568 immensam
997 1509 1273 1562 longitudinem,
1292 1510 1328 1548 in
1350 1508 1425 1547 lato
1445 1508 1648 1561 angustior.
1672 1508 1808 1548 Habet
1825 1518 1946 1548 autem

566 1571 603 1610 in
617 1571 664 1626 se
693 1570 915 1623 provincias
943 1570 1282 1621 Commagenam,
1317 1567 1581 1617 Phoenieiam,
1610 1568 1654 1606 Εἴ
1684 1566 1947 1618 Palaestinam,

568 1630 669 1670 cuius
685 1639 781 1682 pars
800 1630 850 1681 est
867 1627 1004 1668 ludaea
1023 1628 1158 1684 absque
1178 1627 1401 1667 Sarracenis
1424 1627 1468 1665 ξεί
1486 1626 1722 1666 Nabatheis.
1746 1626 1946 1667 Comma-

567 1702 683 1743 gena,
693 1688 824 1742 prima
835 1688 1037 1741 provincia
1053 1687 1186 1741 Syriae,
1198 1703 1222 1726 a
1237 1685 1415 1726 vocabulo
1427 1685 1721 1738 Commagenae
1735 1685 1836 1725 urbis
1851 1700 1947 1724 nun-

569 1758 719 1801 cupata,
740 1763 821 1801 quae
842 1748 1024 1801 quondam
1045 1747 1097 1786 ibi
1114 1746 1318 1799 metropolis
1338 1745 1560 1784 habebatur.
1585 1744 1716 1784 Huius
1736 1746 1787 1797 est
1793 1745 1945 1802 septen·-

568 1808 683 1847 trione
700 1807 968 1857 Armenia,ab
985 1817 1066 1846 ortu
1086 1805 1402 1858 Mesopotamia,
1418 1820 1441 1843 a
1458 1804 1609 1843 meridie
1624 1804 1747 1857 Syria,
1759 1805 1806 1843 ab
1819 1804 1946 1862 occasu

569 1880 679 1905 mare
701 1865 917 1918 Magnum.
948 1864 1124 1915 Phoenix,
1145 1863 1282 1903 Cadmi
1295 1864 1451 1917 frater,
1477 1863 1519 1901 de
1540 1862 1701 1903 Thebis
1726 1862 1946 1917 AEgyptio-

569 1940 659 1964 rum
679 1926 716 1964 in
738 1925 890 1978 Syriam
905 1924 1108 1977 profi'ttus,
1136 1924 1243 1977 apud
1262 1922 1455 1962 Sidonem
1484 1923 1674 1974 regnavit,
1694 1936 1843 1974 eamque
1857 1931 1948 1974 pro-

570 1985 735 2024 vinciam
753 2000 797 2024 ex
811 1983 1026 2041 nominesuo
1049 1982 1301 2023 Phoeniciam
1317 1982 1538 2035 appellavit.
1561 1980 1652 2038 Ipsa
1667 1982 1718 2035 est
1735 1981 1798 2021 ubi
1807 1980 1946 2033 Tyrus

569 2046 630 2095 est,
647 2045 702 2084 ad
716 2058 828 2096 quam
844 2043 983 2100 Esaias
1001 2042 1165 2094 loquitur
1187 2041 1281 2095 [cap.
1298 2039 1434 2093 XX111].
1457 2040 1591 2080 Habet
1611 2050 1732 2080 autem
1748 2042 1795 2080 ab
1813 2039 1946 2080 oriente

570 2103 809 2153 Arabiam,a
824 2102 976 2142 meridie
993 2114 1100 2140 mare
1116 2100 1315 2141 Rubrum.
1334 2099 1541 2139 Palaestina
1551 2100 1753 2152 provincia
1766 2098 1947 2139 Philistin

570 2164 697 2202 urbem
729 2161 954 2215 metropolim
986 2160 1130 2210 habuit,
1158 2175 1240 2213 quae
1272 2175 1367 2199 nunc
1395 2159 1535 2199 dicitur
1570 2158 1765 2198 Ascalon:
1800 2174 1841 2198 ex
1873 2174 1948 2211 qua

568 2222 720 2262 civitate
741 2222 852 2261 omnis
872 2221 974 2260 circa
995 2235 1074 2259 eam
1092 2220 1190 2272 regio
1211 2218 1418 2259 Palaestina
1437 2219 1485 2272 ost
1504 2228 1731 2272 nuncupata.
1748 2217 1881 2258 Huius
1899 2219 1946 2257 ab

568 2282 702 2322 oriente
717 2294 827 2320 mare
844 2279 1031 2320 Rubrum
1052 2279 1226 2329 occurrit,
1252 2296 1275 2318 a
1295 2278 1500 2318 meridiano
1519 2277 1638 2317 latere
1658 2275 1794 2316 Iudaea
1814 2277 1948 2330 excipi-

567 2350 644 2392 tur,
664 2339 986 2398 aseptentrioaali
1002 2339 1121 2392 plaga
1136 2337 1511 2391 Tyriorumfiaibus
1527 2336 1734 2386 clauditur,
1752 2336 1798 2375 ab
1820 2336 1946 2394 occasu

568 2400 766 2454 AEgyptio
799 2399 912 2438 limite
938 2398 1176 2437 terminatur.
1198 2396 1346 2447 Iudaea,
1376 2396 1474 2449 regio
1502 2395 1718 2435 Palaestinae
1744 2411 1788 2435 ex
1807 2395 1947 2435 nomine

569 2459 676 2499 Iudae
698 2458 903 2512 appellata,
921 2473 962 2496 ex
982 2457 1083 2497 cuius
1102 2457 1203 2496 tribu
1225 2472 1325 2509 reges
1345 2455 1484 2495 habuit.
1509 2454 1608 2494 Haec
1626 2455 1735 2507 prius
1751 2454 1945 2495 Chanaan

568 2518 666 2558 ditta
698 2519 759 2568 est,
788 2533 812 2557 a
838 2516 912 2563 filio
943 2515 1075 2566 Cham,
1091 2514 1179 2570 five
1207 2532 1230 2554 a
1262 2516 1378 2554 decem
1413 2513 1716 2553 Chananaeorum
1750 2513 1947 2566 gentibus,-

568 2577 697 2629 quibus
716 2575 888 2631 expulfls,
908 2575 1060 2614 eandem
1080 2585 1225 2614 terram
1246 2574 1372 2613 Iudaei
1384 2572 1633 2627 poffederunt.
1655 2572 1809 2612 Initium
1829 2571 1947 2624 longi-

569 2636 705 2675 tudinis
728 2636 803 2675 eius
824 2651 847 2674 a
868 2634 949 2673 vico
968 2633 1067 2673 Arfa
1088 2634 1198 2690 usque
1218 2633 1273 2672 ad
1292 2633 1419 2672 vicum
1444 2629 1644 2671 Iuliadem
1661 2630 1887 2684 porrigitur,
1908 2630 1946 2668 in

569 2710 634 2747 quo
679 2695 894 2733 Iudaeorum
927 2693 1080 2747 pariter
1122 2693 1166 2731 {5⁹
1212 2691 1412 2745 Tyriorum
1449 2690 1644 2730 communis
1680 2689 1858 2729 habitatio
1890 2690 1944 2744 est.

569 2753 747 2793 Latitudo
768 2763 888 2793 autem
909 2753 983 2792 eius
1004 2768 1026 2790 a
1047 2761 1161 2791 monte
1183 2750 1330 2790 Libani
1353 2751 1463 2807 usque
1484 2750 1538 2789 ad
1558 2748 1791 2789 Tiberiadis
1811 2747 1945 2788 lacurn
