2131 3552
0 1095 52 1123 za.
66 1090 162 1140 420

792 219 932 282 (420)
1459 240 1542 288 149

185 374 380 415 Romanis
423 374 631 414 iuvenibus
672 388 693 413 a
722 375 896 414 Romana
935 376 1032 415 urbe
1064 377 1243 418 Bethleem
1280 381 1544 432 venientibus,

185 446 254 486 pro
276 429 435 486 gloriosi
459 431 698 486 Hieronymi
722 431 914 474 vifitando
936 448 1105 487 corpore
1109 467 1544 477 ........

296 491 348 530 Et
383 491 557 540 tandem,
584 501 784 530 annuente
813 490 921 542 Deo,
951 507 972 532 a
1004 494 1139 535 multis
1160 495 1548 551 Conslantinopolitani

185 550 322 604 populi
367 550 562 599 comitati,
599 549 781 588 Bethleem
820 551 1074 604 attingentes,
1113 555 1374 594 veneratione
1413 555 1546 595 debita

183 607 343 663 gloriosi
367 608 605 661 Hieronymi
629 607 815 660 reliquias
836 607 1105 651 vifitaverunt.
1127 612 1349 666 Statimque
1371 614 1546 666 depofita

184 667 429 708 saecularium
446 667 555 706 omni
578 681 686 717 cura,
707 668 941 708 coenobium
964 670 1002 708 in
1020 684 1101 722 quo
1119 671 1218 710 vixit
1237 670 1429 723 gloriosus
1447 672 1546 711 Hie-

184 740 373 780 ronymus
404 727 662 776 intraverunt,
695 725 733 765 δε
755 738 940 766 vacantes
971 728 1034 767 die
1069 729 1276 782 noaeiuque
1298 731 1546 783 poenitentiae

185 785 222 825 &
243 785 506 834 orationibus,
534 784 681 824 celebri
705 786 784 824 vita
813 785 1028 827 sanctitatis
1051 787 1267 840 perspicuae
1288 789 1326 827 in
1353 788 1546 841 praedicfi‘to

184 843 374 885 coenobio
396 843 526 883 adhuc
548 854 722 883 manent.
753 862 764 878 J

255 918 297 958 [S.
316 915 457 960 Cyn-illus
479 915 640 948 Hierosol.
663 915 770 959 episc,
789 916 1053 960 Epistolasspuria
1071 920 1111 950 de
1128 918 1337 962 miraculiss.
1354 919 1547 963 Hieronymi,

184 981 211 1003 c.
233 982 249 1010 7
270 968 425 1012 (Migne,
444 969 532 1000 Patr.
551 968 622 1009 lat„
641 970 752 1010 XXII,
771 980 800 1001 c.
826 971 936 1011 304).]

185 1078 460 1133 i*¹⁸IOANNES,
506 1079 655 1137 Cyrilli
689 1081 1047 1140 Hierosolymitani
1088 1099 1223 1141 nepos,
1263 1086 1332 1141 qui
1369 1102 1391 1126 α
1418 1086 1548 1145 Persis

182 1167 319 1210 captus
335 1152 490 1208 fuerat.
531 1157 633 1200 (173)

239 1252 253 1270 «
279 1233 423 1285 Nepos
444 1246 556 1272 meus
577 1229 763 1283 Ioannes,
784 1248 905 1286 quem
927 1235 1118 1288 agnoscis,
1146 1236 1257 1275 omni
1279 1236 1434 1290 fulgens
1457 1239 1547 1291 pul-

182 1292 423 1341 chritudine,
457 1306 578 1345 quern
609 1292 706 1330 mihi
737 1292 776 1330 in
799 1291 935 1332 locum
955 1292 1023 1347 filij
1048 1293 1251 1346 adoptavi,
1280 1305 1322 1334 ut
1344 1306 1456 1348 puto,
1477 1298 1548 1337 tibi

183 1351 311 1404 pridie
339 1351 433 1404 quid
463 1352 496 1390 ei
519 1352 698 1390 evenerit
719 1353 911 1392 enarravi.
948 1352 1023 1392 Sed
1047 1364 1194 1403 tamen,
1228 1364 1271 1393 ut
1301 1354 1548 1407 praestantius

183 1410 391 1449 memoriae
412 1409 736 1460 commendetur,
755 1409 909 1450 filentio
926 1425 1007 1450 non
1030 1409 1213 1451 tranfibo.
1237 1411 1392 1464 Captus
1414 1414 1548 1468 itaque

184 1468 291 1508 idem
319 1466 492 1508 Ioannes
522 1479 613 1507 ante
646 1470 747 1508 duos
777 1483 902 1509 annos
933 1483 954 1508 a
974 1468 1111 1520 Perfis,
1145 1470 1183 1510 &
1213 1469 1415 1510 Persarum
1446 1473 1549 1527 regis

185 1526 370 1567 ministris
391 1527 591 1577 venditus,
622 1538 786 1580 propter
808 1528 1054 1568 eminentem
1076 1527 1183 1567 suam
1204 1529 1549 1582 pulchritudinem

184 1586 231 1626 ad
262 1586 363 1639 regis
384 1586 608 1625 exercenda
630 1586 818 1640 obsequia
838 1587 1063 1640 deputatur.
1095 1587 1286 1641 Cumque
1308 1603 1378 1641 per
1398 1603 1549 1630 annum

183 1646 223 1684 in
244 1645 354 1684 curia
368 1645 469 1698 regis
500 1659 583 1684 non
602 1659 726 1697 parvo
749 1645 890 1685 dolore
908 1645 1080 1686 &taedio
1103 1645 1383 1699 permanfiffet,
1403 1650 1548 1689 eodem

183 1703 447 1744 revolutionis
476 1704 568 1742 anni
604 1703 667 1743 die
697 1705 908 1757 prandenti
932 1706 1012 1758 regi
1035 1704 1217 1755 serviens,
1239 1719 1319 1758 prae
1340 1706 1493 1748 tristitia
1514 1708 1549 1748 se

183 1777 205 1802 a
224 1762 401 1802 lacrimis
429 1776 511 1800 non
543 1762 675 1814 potuit
695 1762 918 1802 continere.
954 1763 1047 1803 Hoc
1069 1777 1138 1803 rex
1159 1764 1331 1815 intuens,
1362 1764 1548 1806 lacrima-

183 1835 273 1862 rum
300 1821 349 1860 ab
376 1835 424 1860 eo
446 1819 559 1859 avide
581 1820 724 1873 quaerit
744 1820 913 1861 causam.
949 1820 1048 1877 Qua
1068 1833 1289 1875 comperta,
1311 1825 1349 1862 in
1371 1825 1548 1878 quodam

183 1896 277 1921 eum
293 1879 420 1920 castro
438 1879 704 1932 aquibusdam
719 1881 908 1934 praecepit
925 1882 1120 1922 militibus
1137 1880 1339 1922 custodiri.
1358 1883 1547 1937 Sequenti

182 1954 357 1993 namque
378 1938 511 1988 noete,
532 1939 678 1977 eodem
699 1939 738 1977 in
755 1939 879 1978 castro
901 1940 1092 1980 existente
1113 1940 1208 1980 diris
1229 1941 1403 1982 lacrimis
1432 1943 1548 1982 undi-

183 2014 261 2054 que
272 1997 511 2048 madefaew,
524 1998 562 2036 in
577 1998 724 2037 somnis
739 1999 871 2038 eidem
886 1999 1079 2052 gloriosus
1092 1999 1370 2053 Hieronymus
1382 2003 1547 2043 veniens

183 2071 428 2110 manumque
445 2057 543 2107 eius,
565 2068 606 2095 ut
626 2054 695 2096 fibi
713 2057 933 2109 videbatur,
954 2060 1128 2111 capiens,
1150 2060 1196 2098 ad
1215 2060 1421 2100 civitatem
1438 2060 1548 2099 Ieru-

170 2118 298 2171 salem
327 2116 461 2156 secum
481 2117 605 2156 duxit.
642 2115 961 2169 ExpergefaEtus
982 2131 1113 2168 mane,
1139 2119 1179 2158 in
1201 2119 1339 2170 domo,
1360 2119 1400 2158 in
1421 2119 1547 2158 castro

183 2191 205 2216 a
224 2176 419 2216 militibus
441 2176 601 2215 retineri
624 2186 767 2229 putans
789 2176 838 2227 se,
859 2190 937 2229 qua
958 2191 1102 2216 maneo
1124 2176 1159 2216 se
1181 2179 1347 2218 invenit.
1371 2177 1459 2234 Qui
1476 2178 1547 2216 ad-

183 2235 395 2275 miratione
423 2234 534 2274 velut
562 2249 699 2274 amens
728 2234 868 2286 faetus,
898 2246 1034 2275 utrum
1061 2236 1100 2275 in
1122 2236 1249 2276 castro
1270 2236 1333 2276 vel
1356 2237 1395 2276 in
1417 2236 1548 2275 domi-

182 2294 277 2335 cilio
290 2309 382 2333 meo
395 2295 524 2345 staret,
535 2293 763 2334 nullatenus
780 2294 1037 2334 discernebat.
1050 2293 1096 2334 In
1109 2295 1145 2334 se
1159 2296 1360 2348 postremo
1377 2296 1549 2347 rediens,

182 2351 318 2393 emiffa
337 2367 451 2403 voce,
477 2352 747 2392 dormientem
768 2351 961 2392 familiam
982 2354 1183 2394 excitavit.
1218 2354 1401 2395 Currunt
1431 2354 1549 2407 igitur

183 2411 230 2452 ad
263 2426 328 2451 me
358 2411 496 2451 famuli
526 2409 654 2450 adesse
683 2409 879 2450 loannem
908 2411 1096 2451 ineffabili
1127 2413 1275 2465 gaudio
1304 2413 1547 2453 nuntiantes.

185 2470 325 2527 Quare
357 2470 502 2510 dubius
529 2483 752 2521 accurrens,
786 2485 907 2523 quem
936 2485 958 2510 a
988 2469 1113 2511 Perfis
1134 2471 1317 2512 vinctum
1344 2472 1547 2525 putabam,

184 2529 418 2583 praesentem
439 2543 574 2570 cerno.
613 2528 714 2584 Quo
741 2529 905 2582 quidem
936 2530 1031 2583 quid
1054 2531 1089 2570 ei
1111 2530 1303 2571 acciderit
1323 2543 1547 2582 enarrante,

184 2588 278 2628 Deo
299 2588 337 2628 δι
357 2587 529 2641 glorioso
550 2587 806 2642 Hieronymo
832 2588 969 2629 laudes
998 2589 1183 2629 maximae
1211 2589 1501 2643 persolvuntur.
1528 2608 1543 2625 »

231 2672 276 2717 [S.
299 2673 442 2718 Cyrillus
465 2673 624 2707 Hierosol.
644 2674 751 2717 episc.‚
769 2673 1033 2717 Epistolaspat·ia
1051 2676 1090 2706 de
1114 2673 1323 2718 miraculisſs
1351 2675 1546 2720 Hieronymi,

183 2738 212 2760 c.
234 2739 273 2760 12
294 2726 442 2771 (Migne,
458 2728 547 2760 Patr.
569 2726 643 2769 lat.‚
660 2728 773 2768 XXII,
790 2738 816 2759 c.
840 2729 950 2770 309).]
