2131 3552
578 221 672 275 232
1195 205 1336 271 (562)

578 371 628 404 ed.
655 369 807 413 Harlefij‚
842 367 1046 412 Hamburgi,
1082 371 1182 410 1804,
1213 365 1298 409 in-4‚
1330 374 1354 400 t.
1387 366 1448 407 IX,
1481 377 1535 409 pp.
1572 367 1730 408 522-528.
1765 365 1891 397 Incerta
1920 362 1961 404 el}

568 424 601 467 s.
621 423 772 457 Iohannis
790 422 926 457 Climaci
943 423 979 455 δέ
992 421 1129 465 Geor-gij
1141 421 1267 465 patria.
1284 422 1374 454 Anno
1392 422 1456 453 606
1484 417 1585 461 obiiffe
1603 417 1743 451 videtur
1751 416 1784 460 s.
1802 417 1959 450 Iohannes

580 478 750 518 Climacus,
769 476 824 521 qui
841 488 924 509 anno
940 475 1045 509 aetatis
1053 474 1127 517 suae
1146 474 1221 517 xvj
1235 475 1283 507 ad
1305 481 1436 507 montem
1460 473 1570 505 Sinam
1593 471 1690 505 venit
1707 471 1743 504 δ’
1757 471 1861 515 postea
1885 469 1960 514 plus

579 542 678 574 quam
695 529 780 563 xliv
797 541 897 562 annos
915 527 1023 570 vixit,
1042 534 1077 560 ut
1093 539 1137 561 ex
1154 527 1235 560 vird
1252 526 1320 560 eius
1337 525 1497 569 discimus.

629 601 697 644 (Cf.
715 600 841 634 Itinera
853 611 981 644 graeca,
998 598 1047 643 Ι.)

359 713 465 778 562-
475 725 559 778 593
583 719 622 736 *³*
632 719 878 764 MONACHI
891 720 1004 762 scoti
1020 736 1064 762 ex
1087 718 1244 778 Hieros
1239 717 1463 776 olymitanis
1470 716 1658 775 partibus
1668 732 1745 775 per
1757 716 1960 759 mauria-

583 793 682 852 nens
677 809 735 836 em
763 792 891 834 urbem
916 791 1131 834 redeuntes.
1169 795 1204 839 (3
1213 807 1230 834 7
1237 797 1268 839 5)

682 883 747 926 [Cf.
767 883 865 925 infra,
882 890 922 916 n⁰
943 886 1027 924 376:
1055 884 1087 916 S.
1109 881 1267 927 TIGRxs.]

362 990 560 1055 562-593
587 992 672 1038 ΗΞ.
697 992 965 1051 TIGRIS‚seu
991 990 1218 1047 THECLA‚
1243 991 1555 1049 maurianensis
1579 989 1736 1044 mulier,
1764 1006 1848 1032 cum
1873 992 1962 1048 qui-

585 1066 747 1125 busdam
774 1065 976 1106 monachis
1002 1062 1376 1116 Maurianenfibus.
1415 1065 1518 1109 (376)

642 1160 658 1180 «
684 1143 794 1183 Nam
824 1143 1010 1196 quaedam
1044 1140 1190 1180 mulier
1218 1155 1239 1180 a
1267 1139 1515 1180 Maurienna
1549 1138 1647 1177 urbe
1682 1140 1960 1193 progrediens,

588 1201 706 1256 ipfius
724 1200 982 1242 Praecursoris
998 1200 1187 1254 reliquias
1208 1199 1416 1252 expetivit,
1439 1197 1476 1237 &
1498 1198 1551 1237 ita
1571 1196 1607 1236 se
1621 1197 1856 1238 constrinxit
1871 1199 1961 1238 vin-

587 1262 680 1301 culo
702 1261 932 1311 iuramenti,
948 1272 992 1299 ut
1007 1274 1090 1299 non
1113 1269 1204 1298 ante
1221 1273 1242 1298 a
1261 1257 1354 1297 loco
1372 1257 1595 1297 discederet
1614 1255 1686 1295 nifi
1702 1258 1751 1296 de
1769 1257 1961 1297 membris

588 1323 673 1361 eius
693 1330 913 1359 mereretur
933 1319 1153 1372 quicquam
1175 1318 1371 1370 accipere.
1404 1316 1478 1356 Sed
1501 1329 1595 1355 cum
1619 1316 1858 1368 impoffibile
1884 1317 1964 1356 hoc

589 1379 734 1419 incolae
750 1379 829 1419 loci
842 1388 1062 1427 narrarent,
1078 1376 1403 1430 prosternabatur
1416 1374 1599 1428 quotidie
1615 1384 1706 1413 ante
1724 1373 1965 1427 sepulcrum,

590 1453 708 1479 orans
725 1436 807 1488 fibi,
828 1448 872 1477 ut
887 1437 1074 1486 diximus,
1096 1436 1144 1474 de
1161 1435 1303 1475 sanetis
1320 1434 1484 1473 artubus
1502 1432 1635 1486 aliqua
1651 1433 1886 1473 condonari.
1916 1432 1963 1473 In

591 1513 669 1552 qua
700 1497 924 1537 intentione
952 1498 1154 1548 integrum
1185 1494 1300 1533 duxit
1321 1507 1485 1532 annum.
1518 1491 1711 1533 Similiter
1732 1491 1770 1532 ἃ
1791 1492 1961 1532 alterum

592 1558 671 1611 iugi
691 1556 844 1609 semper
857 1556 1039 1594 oratione
1052 1553 1283 1606 deposcens.
1300 1552 1450 1592 Tertio
1468 1565 1562 1591 vero
1581 1551 1832 1604 ingrediente
1844 1565 1965 1602 anno,

591 1631 684 1656 cum
715 1616 940 1655 orationem
969 1613 1077 1653 suam
1110 1612 1319 1666 pervenire
1355 1626 1438 1650 non
1469 1621 1655 1650 cerneret
1683 1610 1731 1649 ad
1763 1609 1965 1661 effectum,

593 1675 765 1728 proiecit
786 1674 821 1713 se
838 1684 928 1712 ante
948 1672 1191 1726 sepulcrum3
1213 1671 1250 1710 δε
1268 1671 1486 1710 obtestatur
1501 1684 1583 1709 non
1601 1669 1636 1708 se
1654 1669 1798 1708 exinde
1816 1668 1963 1709 surrec-

593 1746 738 1784 turam,
766 1732 994 1786 priusquam
1022 1732 1107 1770 haec
1130 1730 1271 1783 petitio
1294 1730 1545 1769 obtineretur
1565 1742 1587 1767 a
1609 1728 1756 1768 saneto.
1787 1727 1966 1780 Septima

592 1806 686 1832 vero
700 1792 777 1843 die,
794 1805 888 1831 cum
905 1792 982 1830 iam
996 1790 1129 1829 inedia
1142 1789 1348 1838 deficeret,
1364 1788 1548 1841 apparuit
1564 1787 1679 1840 super
1695 1786 1817 1827 altare
1831 1786 1967 1840 pollex

592 1852 681 1891 miri
702 1852 887 1891 candoris
910 1864 954 1889 ac
977 1849 1077 1890 lucis
1099 1848 1307 1902 effulgens.
1339 1848 1519 1900 Cognito
1550 1858 1686 1886 autem
1716 1846 1861 1886 mulier
1884 1845 1966 1886 Dei

593 1912 716 1959 dono,
755 1910 922 1949 surrexit
953 1923 974 1947 a
1004 1908 1251 1961 pavimento,
1282 1907 1467 1960 fa&aque
1498 1905 1656 1959 capsula
1686 1919 1817 1956 aurea,
1852 1906 1890 1945 in
1921 1919 1968 1945 ea

592 1969 820 2010 recondidit
847 1983 937 2022 quae
969 1966 1155 2007 Domino
1184 1966 1378 2019 largiente
1403 1976 1613 2016 meruerat,
1644 1964 1682 2005 &
1710 1964 1760 2004 fic
1789 1964 1967 2018 gaudens

592 2029 786 2068 remeavit
806 2028 853 2067 ad
876 2028 1049 2080 propria.
1076 2042 1091 2062 »

687 2102 810 2145 [Greg.
825 2101 971 2141 Turon„
991 2099 1158 2146 Deglot·{a
1177 2105 1368 2142 martyrum,
1387 2110 1413 2131 c.
1434 2099 1516 2131 XIV
1537 2098 1608 2141 (ed.
1628 2097 1778 2139 Bordier,
1796 2099 1824 2141 1,
1839 2110 1870 2142 p.
1887 2099 1965 2142 45).]

651 2186 720 2228 «In
731 2188 870 2228 diebus
886 2185 1234 2240 praecellentissimi
1246 2185 1348 2238 regis
1358 2184 1608 2234 Gontranni‚
1618 2183 1968 2236 mulierquaedam,

594 2248 734 2301 Tigris
756 2246 936 2296 nomine,
957 2260 1005 2284 ex
1027 2245 1228 2284 territorio
1247 2243 1543 2299 ffilauriginense
1563 2253 1664 2293 orta,
1684 2241 1837 2295 oppido
1858 2244 1966 2296 quod

595 2307 829 2346 nominatur
856 2304 1020 2355 Volacis‚
1048 2303 1236 2344 nobiliter
1262 2313 1355 2342 nata
1375 2301 1412 2341 &
1434 2301 1548 2341 sacris
1577 2300 1718 2340 litteris
1744 2301 1967 2351 educata3...

597 2366 743 2406 accidit
778 2366 980 2405 bonorum
1010 2364 1188 2402 virorum
1221 2375 1486 2401 monacorum
1516 2360 1698 2415 religiosa
1732 2360 1900 2401 facultas
1928 2361 1966 2401 in

599 2424 930 2483 [herosolymitanis
964 2422 1140 2476 partibus
1167 2421 1312 2460 sociam
1345 2434 1520 2473 pergere.
1559 2421 1597 2460 A
1627 2420 1772 2473 quibus
1802 2418 1869 2459 illa
1897 2434 1968 2459 au-

596 2484 695 2523 divit
715 2482 953 2523 venerabilis
974 2481 1114 2534 Tigris
1136 2481 1184 2518 de
1206 2480 1323 2519 beato
1347 2477 1528 2518 Iohanne
1550 2478 1746 2532 Baptista3
1766 2478 1884 2518 huius
1909 2492 1969 2517 re-

597 2542 740 2596 liquias
773 2543 890 2582 anxia
911 2541 1128 2594 quaerebat,
1159 2539 1267 2592 quod
1291 2538 1469 2577 membra
1498 2537 1603 2578 illius
1630 2536 1787 2577 fuissent
1807 2537 1971 2576 humata

598 2602 637 2641 in
651 2602 812 2641 civitate
828 2600 1016 2640 Samariae
1029 2613 1118 2652 quae
1133 2612 1242 2637 nunc
1255 2597 1392 2651 Sebcste
1412 2607 1593 2648 vocatur,
1615 2610 1659 2636 ac
1675 2607 1858 2649 tempore
1876 2609 1970 2648 pro-

598 2661 768 2701 cedente
789 2658 1063 2699 Alexandriam
1084 2655 1195 2696 missa
1221 2666 1421 2709 caputque
1450 2656 1535 2695 eius
1559 2656 1733 2695 l'hoenice
1761 2654 1969 2708 perlatum.

600 2720 675 2760 His
698 2719 898 2769 instructa,
916 2718 996 2758 Dei
1020 2717 1166 2757 famula
1183 2717 1293 2756 dedit
1309 2729 1472 2768 operam
1490 2715 1610 2768 usque
1627 2716 1673 2754 ad
1693 2716 1970 2755 inventionem
