2131 3552
781 264 830 322 (s.
855 264 934 324 vi)
1455 256 1543 319 ιὼς

456 424 520 463 Au
544 422 746 475 repairier‚
767 434 814 459 au
838 430 1048 459 retourner

456 482 555 523 Mist
576 480 643 520 son
665 494 761 519 cuer
783 479 820 519 &
842 478 909 517 son
931 490 1086 529 corage.

456 542 522 582 De
545 541 580 581 la
601 541 778 580 nonnain
801 539 837 579 δι
859 540 908 578 (16
930 537 1100 590 l’ymage

455 601 522 641 Ne
543 601 567 640 li
586 600 778 648 membra,
800 613 849 637 ne
871 612 920 636 ne
942 596 1113 644 souvint,

455 660 566 701 Mais
588 673 665 698 une
682 658 777 696 voiz
793 658 845 696 du
868 656 943 695 ciel
966 655 991 693 li
1009 654 1094 693 vint

457 720 561 760 Lors
578 719 646 771 qui
670 717 708 756 fu
732 717 826 756 hors
848 716 897 754 de
919 714 955 753 la
975 713 1067 762 cite,

457 778 544 833 Qui
568 777 779 816 durement
801 774 850 814 l’a
870 773 989 813 escite

455 836 508 877 Et
529 837 587 876 dit
602 834 700 889 qu'il
717 835 785 874 fait
807 832 938 872 moult
960 841 1076 884 grant
1093 829 1223 882 folage

455 896 600 952 Quant
617 893 753 933 oublie
776 890 869 932 ainfi
888 891 1058 944 l’ymage

456 956 554 1010 Que
576 953 747 1007 promise
768 952 789 991 a
812 951 847 990 la
868 951 974 989 bone
997 949 1100 988 fame

456 1014 543 1056 Oui
568 1024 653 1053 tant
674 1015 777 1052 aime
800 1011 837 1050 la
858 1012 988 1050 douce
1013 1010 1158 1049 Datne.

455 1057 522 1113 &e
543 1072 580 1112 la
601 1073 708 1122 voiz,
729 1071 777 1111 de
799 1071 835 1110 13
855 1080 970 1124 grant
992 1068 1197 1108 merveille

454 1133 633 1173 Souvent
654 1131 689 1170 se
711 1130 841 1184 seigne
863 1129 900 1169 δε
921 1128 1169 1168 esmerveille

456 1193 509 1232 Et
530 1192 584 1232 est
599 1191 691 1231 auffi
713 1204 806 1230 com
828 1203 876 1228 en
899 1189 1086 1241 angoine.

455 1252 554 1291 Bien
572 1251 657 1289 voit
675 1250 769 1303 q’un
791 1261 947 1302 ymage,
964 1261 1042 1286 une
1062 1248 1207 1299 ycoine

456 1312 493 1351 A
516 1310 668 1350 estrous
690 1322 834 1362 querre
857 1306 883 1346 11
904 1308 1110 1356 convient,

458 1372 495 1410 A
514 1370 550 1409 13
570 1369 649 1408 cite
672 1378 802 1408 tantot
822 1366 989 1405 revient.

457 1430 571 1469 Tant
592 1443 641 1467 va
657 1428 695 1468 δε
712 1428 821 1466 vient
842 1425 933 1466 sanz
955 1426 1145 1465 attendue

459 1488 546 1528 Des
566 1501 730 1542 ymages
753 1497 891 1526 treuve
913 1485 949 1525 la
966 1499 1050 1534 rue,

459 1548 640 1600 Ymages
662 1546 747 1585 voit
762 1546 828 1599 jus
851 1544 888 1584 &
910 1543 970 1585 sus
992 1546 1177 1596 maintes‚

460 1606 512 1645 Et
530 1604 768 1645 d'entaillies
790 1604 827 1644 δε
849 1605 897 1643 (16
919 1604 1089 1656 paintes,

457 1665 510 1705 Et
531 1680 577 1719 ca
599 1664 636 1704 &
658 1664 692 1703 13
716 1662 818 1703 assez
838 1663 986 1714 coloie,

458 1725 525 1765 Ne
543 1724 621 1764 scet
642 1722 816 1776 laquelle
839 1737 963 1776 penre
985 1723 1090 1763 doie.

459 1784 522 1824 En
546 1784 582 1822 13
603 1782 657 1822 fin
679 1784 764 1822 voit
785 1797 862 1821 une
885 1781 1051 1822 tablette

461 1842 579 1900 Qu'il
598 1857 621 1896 y
640 1856 661 1881 a
682 1843 817 1895 painte
838 1856 916 1880 une
936 1853 1124 1895 ymagete

458 1902 525 1942 De
547 1901 695 1941 Nostre
715 1901 849 1940 Darne
870 1900 1002 1940 moult
1022 1912 1100 1942 tres
1121 1901 1222 1941 bele.

458 1962 527 2002 N'i
551 1976 572 2001 a
591 1960 615 1999 sl
636 1961 796 2000 boenne
813 1974 907 1999 com
928 1960 982 1999 est
1003 1960 1088 1999 cele

458 2020 536 2060 Por
549 2031 683 2073 porter
704 2019 822 2070 loins,
844 2033 890 2058 ce
912 2019 937 2058 li
960 2019 1014 2059 est
1034 2020 1106 2058 vis.

458 2079 562 2119 Sanz
578 2078 672 2118 lonc
694 2078 887 2129 marchie,
906 2079 998 2117 sanz
1019 2078 1112 2118 lonc
1134 2078 1246 2118 devis

460 2137 535 2178 L'a
556 2138 734 2188 achetee,
755 2136 781 2176 s1
802 2139 884 2178 s'en
911 2148 1089 2177 tourne.»

269 2221 425 2264 [Gautier
443 2221 483 2254 de
507 2221 651 2267 Coincy,
675 2222 731 2255 Les
756 2221 918 2255 Miracles
939 2223 979 2254 de
998 2221 1033 2254 la
1052 2221 1157 2254 Sainte
1182 2220 1297 2264 Vierge
1322 2220 1391 2264 (ed.
1411 2222 1554 2265 Poquet‚

175 2275 281 2317 Paris,
302 2279 400 2318 1857,
423 2275 507 2317 in·4‚
525 2275 588 2308 col.
608 2277 787 2318 651-653).
813 2276 890 2308 Haec
913 2274 1079 2315 narratio,
1104 2285 1120 2306 e
1143 2273 1254 2315 latino,
1277 2281 1312 2306 ut
1331 2277 1444 2308 audior
1465 2274 1554 2315 dicit,

175 2328 295 2371 versa,
312 2328 447 2370 Pseudo-
455 2326 624 2360 ‘Thetmarz'
641 2334 764 2360 textum
772 2327 870 2372 ss'qui
890 2327 1038 2360 videtur.

233 2445 247 2462 <r
269 2426 336 2466 De
358 2427 512 2480 origine
534 2426 643 2466 istius
661 2426 817 2478 yconiae
838 2436 934 2465 nota
955 2426 1063 2478 quod
1088 2424 1213 2478 olym,
1230 2435 1412 2477 tempore
1432 2424 1555 2463 chris-

177 2486 391 2535 tianorum,
412 2485 596 2539 quaedam
624 2496 809 2524 matrona
839 2486 879 2523 in
906 2496 1046 2524 monte
1069 2484 1155 2536 Seyr
1183 2484 1223 2522 in
1245 2483 1404 2522 servitio
1429 2483 1555 2523 beatae

179 2544 324 2584 Mariae
352 2545 516 2597 virginis
547 2544 762 2584 solitariam
791 2544 914 2583 vitam
946 2543 1097 2589 ducens
1132 2542 1293 2596 [sociam
1323 2541 1443 2592 suam,
1465 2557 1554 2596 quae

186 2603 409 2660 Jerusalem
427 2603 464 2642 &
481 2603 558 2642 alia
578 2603 667 2642 loca
689 2602 822 2642 sancta
842 2602 995 2641 visitare
1018 2601 1426 2652 intendebat,devota
1436 2615 1553 2654 roga-

181 2661 238 2700 vit
258 2661 314 2714 ut]
340 2672 515 2714 portaret
535 2661 603 2701 s1bi
625 2660 816 2711 tabulam,
837 2661 876 2699 in
900 2674 979 2713 qua
1001 2659 1106 2713 picta
1134 2659 1228 2698 esset
1247 2673 1393 2713 ymago
1426 2659 1554 2699 beatae

180 2720 325 2759 Mariae
355 2721 547 2773 Virginis,
571 2720 619 2759 de
646 2718 865 2775 lerosolima
892 2730 1122 2771 apportans.
1151 2719 1316 2758 Accidit
1337 2729 1485 2768 autem,
1513 2729 1555 2758 ut

178 2779 242 2819 leo
260 2779 299 2818 in
317 2779 380 2818 via
396 2779 603 2818 invaderet
626 2779 819 2818 feminam
836 2788 1119 2832 apportantem
1139 2791 1184 2818 ac
1198 2776 1265 2817 illa
1280 2778 1426 2817 timens
1443 2776 1551 2817 leoni
