<?xml version="1.0" encoding="UTF-8"?>
<!DOCTYPE html PUBLIC "-//W3C//DTD XHTML 1.0 Transitional//EN"
    "http://www.w3.org/TR/xhtml1/DTD/xhtml1-transitional.dtd">
<html xmlns="http://www.w3.org/1999/xhtml" xml:lang="en" lang="en">
 <head>
  <title>
</title>
<meta http-equiv="Content-Type" content="text/html;charset=utf-8" />
  <meta name='ocr-system' content='tesseract 3.04.00' />
  <meta name='ocr-capabilities' content='ocr_page ocr_carea ocr_par ocr_line ocrx_word'/>
</head>
<body>
  <div class='ocr_page' id='page_1' title='image "./p1itinerahierosoly02tobl_0209.png"; bbox 0 0 2131 3552; ppageno 0'>
   <div class='ocr_carea' id='block_1_1' title="bbox 809 240 1554 307">
    <p class='ocr_par' dir='ltr' id='par_1_1' title="bbox 809 240 1554 307">
     <span class='ocr_line' id='line_1_1' title="bbox 809 240 1554 307; baseline 0.013 -10"><span class='ocrx_word' id='word_1_1' title='bbox 809 240 946 301; x_wconf 81' lang='lat'>(518)</span> <span class='ocrx_word' id='word_1_2' title='bbox 1472 254 1554 307; x_wconf 71' lang='lat'><strong>¹05</strong></span> 
     </span>
    </p>
   </div>
   <div class='ocr_carea' id='block_1_2' title="bbox 762 324 973 331">
    <p class='ocr_par' dir='ltr' id='par_1_2' title="bbox 762 324 973 331">
     <span class='ocr_line' id='line_1_2' title="bbox 762 324 973 331; baseline 0 0"><span class='ocrx_word' id='word_1_3' title='bbox 762 324 973 331; x_wconf 95' lang='lat' dir='ltr'><strong> </strong></span> 
     </span>
    </p>
   </div>
   <div class='ocr_carea' id='block_1_3' title="bbox 185 386 1559 1202">
    <p class='ocr_par' dir='ltr' id='par_1_3' title="bbox 185 386 1559 1202">
     <span class='ocr_line' id='line_1_3' title="bbox 195 386 1559 442; baseline 0.004 -17"><span class='ocrx_word' id='word_1_4' title='bbox 195 386 373 440; x_wconf 92' lang='lat' dir='ltr'><strong>partibus</strong></span> <span class='ocrx_word' id='word_1_5' title='bbox 403 386 567 426; x_wconf 92' lang='lat' dir='ltr'><strong>verbum</strong></span> <span class='ocrx_word' id='word_1_6' title='bbox 598 386 768 426; x_wconf 86' lang='lat' dir='ltr'>Domini</span> <span class='ocrx_word' id='word_1_7' title='bbox 798 386 1054 437; x_wconf 83' lang='lat' dir='ltr'><strong>seminarent3</strong></span> <span class='ocrx_word' id='word_1_8' title='bbox 1083 391 1271 442; x_wconf 89' lang='lat' dir='ltr'>quatinus</span> <span class='ocrx_word' id='word_1_9' title='bbox 1299 391 1337 430; x_wconf 88' lang='lat'>&amp;</span> <span class='ocrx_word' id='word_1_10' title='bbox 1365 390 1458 430; x_wconf 88' lang='lat' dir='ltr'><strong>fidei</strong></span> <span class='ocrx_word' id='word_1_11' title='bbox 1487 392 1559 430; x_wconf 90' lang='lat' dir='ltr'><strong>do-</strong></span> 
     </span>
     <span class='ocr_line' id='line_1_4' title="bbox 195 443 1556 501; baseline 0.004 -19"><span class='ocrx_word' id='word_1_12' title='bbox 195 444 377 484; x_wconf 86' lang='lat' dir='ltr'><strong>mesticos</strong></span> <span class='ocrx_word' id='word_1_13' title='bbox 410 446 447 484; x_wconf 89' lang='lat' dir='ltr'><strong>in</strong></span> <span class='ocrx_word' id='word_1_14' title='bbox 476 443 554 484; x_wconf 88' lang='lat' dir='ltr'><strong>fide</strong></span> <span class='ocrx_word' id='word_1_15' title='bbox 581 444 878 495; x_wconf 90' lang='lat' dir='ltr'><strong>confirmarent,</strong></span> <span class='ocrx_word' id='word_1_16' title='bbox 905 446 942 486; x_wconf 69' lang='grc' dir='ltr'><strong>δι</strong></span> <span class='ocrx_word' id='word_1_17' title='bbox 973 445 1152 488; x_wconf 88' lang='lat' dir='ltr'><strong>infideles</strong></span> <span class='ocrx_word' id='word_1_18' title='bbox 1179 460 1297 501; x_wconf 90' lang='lat' dir='ltr'><strong>atque</strong></span> <span class='ocrx_word' id='word_1_19' title='bbox 1319 448 1486 488; x_wconf 84' lang='lat' dir='ltr'><strong>rebelles</strong></span> <span class='ocrx_word' id='word_1_20' title='bbox 1509 450 1556 488; x_wconf 93' lang='lat' dir='ltr'><strong>ab</strong></span> 
     </span>
     <span class='ocr_line' id='line_1_5' title="bbox 193 503 1554 558; baseline 0.004 -17"><span class='ocrx_word' id='word_1_21' title='bbox 193 503 334 542; x_wconf 89' lang='lat' dir='ltr'><strong>erroris</strong></span> <span class='ocrx_word' id='word_1_22' title='bbox 365 503 417 542; x_wconf 90' lang='lat' dir='ltr'><strong>sui</strong></span> <span class='ocrx_word' id='word_1_23' title='bbox 450 504 666 556; x_wconf 87' lang='lat' dir='ltr'><strong>pertinacia</strong></span> <span class='ocrx_word' id='word_1_24' title='bbox 695 515 940 543; x_wconf 85' lang='lat' dir='ltr'><strong>revocarent.</strong></span> <span class='ocrx_word' id='word_1_25' title='bbox 972 505 1046 545; x_wconf 90' lang='lat' dir='ltr'><strong>His</strong></span> <span class='ocrx_word' id='word_1_26' title='bbox 1077 507 1197 558; x_wconf 90' lang='lat' dir='ltr'><strong>igitur</strong></span> <span class='ocrx_word' id='word_1_27' title='bbox 1226 507 1414 547; x_wconf 88' lang='lat' dir='ltr'><strong>omnibus</strong></span> <span class='ocrx_word' id='word_1_28' title='bbox 1445 508 1554 547; x_wconf 85' lang='lat' dir='ltr'><strong>iuxta</strong></span> 
     </span>
     <span class='ocr_line' id='line_1_6' title="bbox 193 561 1555 617; baseline 0.004 -17"><span class='ocrx_word' id='word_1_29' title='bbox 193 562 426 613; x_wconf 82' lang='lat' dir='ltr'><strong>patriarchae</strong></span> <span class='ocrx_word' id='word_1_30' title='bbox 460 563 612 600; x_wconf 90' lang='lat' dir='ltr'><strong>monita</strong></span> <span class='ocrx_word' id='word_1_31' title='bbox 646 561 858 615; x_wconf 84' lang='lat' dir='ltr'>aliquantis</span> <span class='ocrx_word' id='word_1_32' title='bbox 892 563 1058 616; x_wconf 80' lang='lat' dir='ltr'><strong>gratiose</strong></span> <span class='ocrx_word' id='word_1_33' title='bbox 1094 565 1340 617; x_wconf 86' lang='lat' dir='ltr'><strong>temporibus</strong></span> <span class='ocrx_word' id='word_1_34' title='bbox 1372 565 1410 604; x_wconf 87' lang='lat'>&amp;</span> <span class='ocrx_word' id='word_1_35' title='bbox 1439 565 1555 606; x_wconf 92' lang='lat' dir='ltr'><strong>valde</strong></span> 
     </span>
     <span class='ocr_line' id='line_1_7' title="bbox 191 620 1556 676; baseline 0.004 -18"><span class='ocrx_word' id='word_1_36' title='bbox 191 621 406 660; x_wconf 87' lang='lat' dir='ltr'><strong>efficaciter</strong></span> <span class='ocrx_word' id='word_1_37' title='bbox 427 620 588 670; x_wconf 71' lang='lat' dir='ltr'><strong>exa&lt;ffis‚</strong></span> <span class='ocrx_word' id='word_1_38' title='bbox 613 634 706 659; x_wconf 91' lang='lat' dir='ltr'><strong>cum</strong></span> <span class='ocrx_word' id='word_1_39' title='bbox 728 621 919 660; x_wconf 90' lang='lat' dir='ltr'><strong>redeundi</strong></span> <span class='ocrx_word' id='word_1_40' title='bbox 942 623 1115 676; x_wconf 92' lang='lat' dir='ltr'><strong>denique</strong></span> <span class='ocrx_word' id='word_1_41' title='bbox 1137 622 1341 662; x_wconf 85' lang='lat' dir='ltr'><strong>licentiam</strong></span> <span class='ocrx_word' id='word_1_42' title='bbox 1364 624 1429 664; x_wconf 86' lang='lat' dir='ltr'><strong>vix</strong></span> <span class='ocrx_word' id='word_1_43' title='bbox 1451 624 1556 664; x_wconf 92' lang='lat' dir='ltr'><strong>obti-</strong></span> 
     </span>
     <span class='ocr_line' id='line_1_8' title="bbox 190 677 1554 733; baseline 0.004 -16"><span class='ocrx_word' id='word_1_44' title='bbox 190 677 373 730; x_wconf 85' lang='lat' dir='ltr'><strong>nuiffent,</strong></span> <span class='ocrx_word' id='word_1_45' title='bbox 412 689 582 732; x_wconf 90' lang='lat' dir='ltr'><strong>quatuor</strong></span> <span class='ocrx_word' id='word_1_46' title='bbox 613 693 683 719; x_wconf 93' lang='lat' dir='ltr'><strong>eos</strong></span> <span class='ocrx_word' id='word_1_47' title='bbox 716 680 949 720; x_wconf 90' lang='lat' dir='ltr'><strong>muneribus</strong></span> <span class='ocrx_word' id='word_1_48' title='bbox 983 681 1204 733; x_wconf 88' lang='lat' dir='ltr'><strong>patriarcha</strong></span> <span class='ocrx_word' id='word_1_49' title='bbox 1232 682 1417 731; x_wconf 81' lang='lat' dir='ltr'><strong>donavit3</strong></span> <span class='ocrx_word' id='word_1_50' title='bbox 1445 682 1554 723; x_wconf 91' lang='lat' dir='ltr'><strong>altari</strong></span> 
     </span>
     <span class='ocr_line' id='line_1_9' title="bbox 190 737 1554 792; baseline 0.003 -17"><span class='ocrx_word' id='word_1_51' title='bbox 190 737 378 776; x_wconf 88' lang='lat' dir='ltr'><strong>videlicet</strong></span> <span class='ocrx_word' id='word_1_52' title='bbox 395 737 568 790; x_wconf 86' lang='lat' dir='ltr'><strong>portatili</strong></span> <span class='ocrx_word' id='word_1_53' title='bbox 586 738 830 789; x_wconf 88' lang='lat' dir='ltr'><strong>consecratO,</strong></span> <span class='ocrx_word' id='word_1_54' title='bbox 852 753 1047 792; x_wconf 88' lang='lat' dir='ltr'><strong>campana</strong></span> <span class='ocrx_word' id='word_1_55' title='bbox 1069 740 1212 791; x_wconf 89' lang='lat' dir='ltr'><strong>baiula,</strong></span> <span class='ocrx_word' id='word_1_56' title='bbox 1235 740 1378 780; x_wconf 92' lang='lat' dir='ltr'><strong>baculo</strong></span> <span class='ocrx_word' id='word_1_57' title='bbox 1401 738 1554 792; x_wconf 85' lang='lat' dir='ltr'><strong>infigni,</strong></span> 
     </span>
     <span class='ocr_line' id='line_1_10' title="bbox 189 795 1552 852; baseline 0.002 -18"><span class='ocrx_word' id='word_1_58' title='bbox 189 795 227 835; x_wconf 84' lang='lat'>&amp;</span> <span class='ocrx_word' id='word_1_59' title='bbox 250 796 384 835; x_wconf 90' lang='lat' dir='ltr'><strong>tunica</strong></span> <span class='ocrx_word' id='word_1_60' title='bbox 406 810 453 835; x_wconf 88' lang='lat' dir='ltr'><strong>ex</strong></span> <span class='ocrx_word' id='word_1_61' title='bbox 475 809 569 835; x_wconf 88' lang='lat' dir='ltr'><strong>auro</strong></span> <span class='ocrx_word' id='word_1_62' title='bbox 591 808 791 836; x_wconf 88' lang='lat' dir='ltr'><strong>contexta.</strong></span> <span class='ocrx_word' id='word_1_63' title='bbox 828 797 902 837; x_wconf 87' lang='lat' dir='ltr'><strong>Sed</strong></span> <span class='ocrx_word' id='word_1_64' title='bbox 925 799 1118 851; x_wconf 87' lang='lat' dir='ltr'><strong>quoniam</strong></span> <span class='ocrx_word' id='word_1_65' title='bbox 1139 809 1220 838; x_wconf 91' lang='lat' dir='ltr'><strong>tam</strong></span> <span class='ocrx_word' id='word_1_66' title='bbox 1242 799 1406 839; x_wconf 91' lang='lat' dir='ltr'><strong>onerosa</strong></span> <span class='ocrx_word' id='word_1_67' title='bbox 1426 813 1552 852; x_wconf 91' lang='lat' dir='ltr'><strong>quan-</strong></span> 
     </span>
     <span class='ocr_line' id='line_1_11' title="bbox 189 853 1556 909; baseline 0.003 -17"><span class='ocrx_word' id='word_1_68' title='bbox 189 868 310 908; x_wconf 91' lang='lat' dir='ltr'>quam</span> <span class='ocrx_word' id='word_1_69' title='bbox 336 853 560 894; x_wconf 84' lang='lat' dir='ltr'><strong>honorifica</strong></span> <span class='ocrx_word' id='word_1_70' title='bbox 593 867 673 895; x_wconf 90' lang='lat' dir='ltr'><strong>tarn</strong></span> <span class='ocrx_word' id='word_1_71' title='bbox 704 856 826 909; x_wconf 92' lang='lat' dir='ltr'><strong>longo</strong></span> <span class='ocrx_word' id='word_1_72' title='bbox 858 856 992 896; x_wconf 91' lang='lat' dir='ltr'><strong>labore</strong></span> <span class='ocrx_word' id='word_1_73' title='bbox 1019 857 1118 896; x_wconf 86' lang='lat' dir='ltr'><strong>ferre</strong></span> <span class='ocrx_word' id='word_1_74' title='bbox 1144 858 1389 908; x_wconf 85' lang='lat' dir='ltr'><strong>recusabant,</strong></span> <span class='ocrx_word' id='word_1_75' title='bbox 1416 855 1556 897; x_wconf 77' lang='lat' dir='ltr'><strong>reversi</strong></span> 
     </span>
     <span class='ocr_line' id='line_1_12' title="bbox 188 912 1552 970; baseline 0.004 -19"><span class='ocrx_word' id='word_1_76' title='bbox 188 914 228 952; x_wconf 91' lang='lat' dir='ltr'><strong>in</strong></span> <span class='ocrx_word' id='word_1_77' title='bbox 255 912 421 965; x_wconf 90' lang='lat' dir='ltr'><strong>patriam</strong></span> <span class='ocrx_word' id='word_1_78' title='bbox 451 914 634 967; x_wconf 90' lang='lat' dir='ltr'><strong>angelico</strong></span> <span class='ocrx_word' id='word_1_79' title='bbox 664 915 882 954; x_wconf 88' lang='lat' dir='ltr'><strong>ministerio</strong></span> <span class='ocrx_word' id='word_1_80' title='bbox 911 916 975 954; x_wconf 93' lang='lat' dir='ltr'><strong>sua</strong></span> <span class='ocrx_word' id='word_1_81' title='bbox 1005 916 1170 970; x_wconf 93' lang='lat' dir='ltr'><strong>quisque</strong></span> <span class='ocrx_word' id='word_1_82' title='bbox 1193 917 1298 956; x_wconf 91' lang='lat' dir='ltr'><strong>dona</strong></span> <span class='ocrx_word' id='word_1_83' title='bbox 1318 916 1552 956; x_wconf 87' lang='lat' dir='ltr'><strong>miraculose</strong></span> 
     </span>
     <span class='ocr_line' id='line_1_13' title="bbox 186 971 1555 1028; baseline 0.004 -19"><span class='ocrx_word' id='word_1_84' title='bbox 186 972 349 1024; x_wconf 90' lang='lat' dir='ltr'><strong>recepit.</strong></span> <span class='ocrx_word' id='word_1_85' title='bbox 373 971 507 1012; x_wconf 89' lang='lat' dir='ltr'><strong>David</strong></span> <span class='ocrx_word' id='word_1_86' title='bbox 523 974 687 1026; x_wconf 90' lang='lat' dir='ltr'><strong>quidem</strong></span> <span class='ocrx_word' id='word_1_87' title='bbox 706 974 743 1013; x_wconf 93' lang='lat' dir='ltr'><strong>in</strong></span> <span class='ocrx_word' id='word_1_88' title='bbox 762 974 1017 1025; x_wconf 87' lang='lat' dir='ltr'><strong>monasterio,</strong></span> <span class='ocrx_word' id='word_1_89' title='bbox 1033 976 1096 1014; x_wconf 93' lang='lat' dir='ltr'><strong>cui</strong></span> <span class='ocrx_word' id='word_1_90' title='bbox 1110 989 1260 1014; x_wconf 91' lang='lat' dir='ltr'><strong>nomen</strong></span> <span class='ocrx_word' id='word_1_91' title='bbox 1275 975 1555 1028; x_wconf 77' lang='lat' dir='ltr'><strong>Langevelach,</strong></span> 
     </span>
     <span class='ocr_line' id='line_1_14' title="bbox 186 1029 1553 1086; baseline 0.004 -17"><span class='ocrx_word' id='word_1_92' title='bbox 186 1029 322 1069; x_wconf 86' lang='lat' dir='ltr'><strong>nolam</strong></span> <span class='ocrx_word' id='word_1_93' title='bbox 344 1030 381 1070; x_wconf 87' lang='lat'>&amp;</span> <span class='ocrx_word' id='word_1_94' title='bbox 402 1031 545 1082; x_wconf 88' lang='lat' dir='ltr'><strong>altare,</strong></span> <span class='ocrx_word' id='word_1_95' title='bbox 578 1047 666 1085; x_wconf 85' lang='lat' dir='ltr'><strong>quae</strong></span> <span class='ocrx_word' id='word_1_96' title='bbox 697 1032 815 1072; x_wconf 91' lang='lat' dir='ltr'><strong>ambo</strong></span> <span class='ocrx_word' id='word_1_97' title='bbox 847 1032 968 1086; x_wconf 93' lang='lat' dir='ltr'><strong>usque</strong></span> <span class='ocrx_word' id='word_1_98' title='bbox 999 1034 1037 1073; x_wconf 93' lang='lat' dir='ltr'><strong>in</strong></span> <span class='ocrx_word' id='word_1_99' title='bbox 1068 1033 1310 1073; x_wconf 91' lang='lat' dir='ltr'><strong>hodiernum</strong></span> <span class='ocrx_word' id='word_1_100' title='bbox 1341 1035 1553 1075; x_wconf 87' lang='lat' dir='ltr'><strong>virtutibus</strong></span> 
     </span>
     <span class='ocr_line' id='line_1_15' title="bbox 185 1088 1553 1144; baseline 0.004 -17"><span class='ocrx_word' id='word_1_101' title='bbox 185 1088 356 1138; x_wconf 85' lang='lat' dir='ltr'><strong>clarent3</strong></span> <span class='ocrx_word' id='word_1_102' title='bbox 382 1088 571 1130; x_wconf 88' lang='lat' dir='ltr'><strong>Paternus</strong></span> <span class='ocrx_word' id='word_1_103' title='bbox 588 1102 722 1130; x_wconf 91' lang='lat' dir='ltr'><strong>autem</strong></span> <span class='ocrx_word' id='word_1_104' title='bbox 739 1091 776 1131; x_wconf 89' lang='lat'>&amp;</span> <span class='ocrx_word' id='word_1_105' title='bbox 791 1091 912 1131; x_wconf 88' lang='lat' dir='ltr'><strong>Eliud</strong></span> <span class='ocrx_word' id='word_1_106' title='bbox 930 1092 995 1131; x_wconf 88' lang='lat' dir='ltr'><strong>sua</strong></span> <span class='ocrx_word' id='word_1_107' title='bbox 1015 1091 1090 1133; x_wconf 92' lang='lat' dir='ltr'><strong>suis</strong></span> <span class='ocrx_word' id='word_1_108' title='bbox 1111 1092 1357 1134; x_wconf 90' lang='lat' dir='ltr'><strong>monasteriis</strong></span> <span class='ocrx_word' id='word_1_109' title='bbox 1375 1107 1553 1144; x_wconf 85' lang='lat' dir='ltr'><strong>munera,</strong></span> 
     </span>
     <span class='ocr_line' id='line_1_16' title="bbox 185 1144 1037 1202; baseline 0 -16"><span class='ocrx_word' id='word_1_110' title='bbox 185 1144 301 1200; x_wconf 87' lang='lat' dir='ltr'><strong>fignis</strong></span> <span class='ocrx_word' id='word_1_111' title='bbox 323 1162 487 1201; x_wconf 93' lang='lat' dir='ltr'><strong>quoque</strong></span> <span class='ocrx_word' id='word_1_112' title='bbox 508 1149 712 1200; x_wconf 84' lang='lat' dir='ltr'><strong>clarentia,</strong></span> <span class='ocrx_word' id='word_1_113' title='bbox 732 1149 996 1202; x_wconf 89' lang='lat' dir='ltr'><strong>susceperunt.</strong></span> <span class='ocrx_word' id='word_1_114' title='bbox 1023 1167 1037 1186; x_wconf 74' lang='grc'><strong><em>»</em></strong></span> 
     </span>
    </p>
   </div>
   <div class='ocr_carea' id='block_1_4' title="bbox 173 1250 1551 1347">
    <p class='ocr_par' dir='ltr' id='par_1_4' title="bbox 173 1250 1551 1347">
     <span class='ocr_line' id='line_1_17' title="bbox 279 1250 1551 1296; baseline 0.002 -13"><span class='ocrx_word' id='word_1_115' title='bbox 279 1250 449 1292; x_wconf 84' lang='lat' dir='ltr'><strong>[Giraldus</strong></span> <span class='ocrx_word' id='word_1_116' title='bbox 468 1250 689 1292; x_wconf 84' lang='lat' dir='ltr'><strong>Cambrenfis‚</strong></span> <span class='ocrx_word' id='word_1_117' title='bbox 708 1250 824 1293; x_wconf 80' lang='lat' dir='ltr'><strong>Vitas.</strong></span> <span class='ocrx_word' id='word_1_118' title='bbox 845 1250 1011 1293; x_wconf 77' lang='lat' dir='ltr'><strong>Davidis,</strong></span> <span class='ocrx_word' id='word_1_119' title='bbox 1031 1251 1101 1284; x_wconf 57' lang='lat' dir='ltr'><strong>lest.</strong></span> <span class='ocrx_word' id='word_1_120' title='bbox 1124 1253 1190 1284; x_wconf 89' lang='lat' dir='ltr'><strong>VII</strong></span> <span class='ocrx_word' id='word_1_121' title='bbox 1210 1252 1410 1296; x_wconf 89' lang='lat' dir='ltr'><strong>(Wharton,</strong></span> <span class='ocrx_word' id='word_1_122' title='bbox 1431 1253 1551 1296; x_wconf 80' lang='lat' dir='ltr'><strong>Anglia</strong></span> 
     </span>
     <span class='ocr_line' id='line_1_18' title="bbox 173 1302 530 1347; baseline 0.006 -12"><span class='ocrx_word' id='word_1_123' title='bbox 173 1302 292 1345; x_wconf 82' lang='lat' dir='ltr'><strong>sacra,</strong></span> <span class='ocrx_word' id='word_1_124' title='bbox 311 1304 354 1344; x_wconf 87' lang='grc' dir='ltr'><strong>ΙΙ,</strong></span> <span class='ocrx_word' id='word_1_125' title='bbox 374 1315 403 1347; x_wconf 87' lang='lat' dir='ltr'><strong>p.</strong></span> <span class='ocrx_word' id='word_1_126' title='bbox 425 1305 530 1345; x_wconf 85' lang='lat'><strong>637).]</strong></span> 
     </span>
    </p>
   </div>
   <div class='ocr_carea' id='block_1_5' title="bbox 178 1432 1553 2785">
    <p class='ocr_par' dir='ltr' id='par_1_5' title="bbox 178 1432 1553 2064">
     <span class='ocr_line' id='line_1_19' title="bbox 240 1432 1553 1490; baseline 0.005 -19"><span class='ocrx_word' id='word_1_127' title='bbox 240 1451 255 1471; x_wconf 53' lang='lat' dir='ltr'><em>z</em></span> <span class='ocrx_word' id='word_1_128' title='bbox 282 1432 396 1474; x_wconf 84' lang='lat' dir='ltr'><strong>Mifit</strong></span> <span class='ocrx_word' id='word_1_129' title='bbox 425 1445 559 1474; x_wconf 89' lang='lat' dir='ltr'><strong>autem</strong></span> <span class='ocrx_word' id='word_1_130' title='bbox 591 1434 796 1475; x_wconf 88' lang='lat' dir='ltr'><strong>Dominus</strong></span> <span class='ocrx_word' id='word_1_131' title='bbox 824 1435 1011 1490; x_wconf 81' lang='lat' dir='ltr'><strong>angelum</strong></span> <span class='ocrx_word' id='word_1_132' title='bbox 1045 1436 1157 1476; x_wconf 92' lang='lat' dir='ltr'><strong>suum</strong></span> <span class='ocrx_word' id='word_1_133' title='bbox 1188 1435 1226 1476; x_wconf 85' lang='lat' dir='ltr'><strong>ff.</strong></span> <span class='ocrx_word' id='word_1_134' title='bbox 1250 1436 1408 1488; x_wconf 93' lang='lat' dir='ltr'><strong>David,</strong></span> <span class='ocrx_word' id='word_1_135' title='bbox 1434 1437 1553 1478; x_wconf 90' lang='lat' dir='ltr'><strong>The-</strong></span> 
     </span>
     <span class='ocr_line' id='line_1_20' title="bbox 183 1491 1553 1551; baseline 0.005 -21"><span class='ocrx_word' id='word_1_136' title='bbox 183 1491 262 1530; x_wconf 93' lang='lat' dir='ltr'><strong>liao</strong></span> <span class='ocrx_word' id='word_1_137' title='bbox 280 1492 317 1532; x_wconf 86' lang='lat'>&amp;</span> <span class='ocrx_word' id='word_1_138' title='bbox 339 1491 530 1543; x_wconf 86' lang='lat' dir='ltr'><strong>Paterno,</strong></span> <span class='ocrx_word' id='word_1_139' title='bbox 559 1494 627 1546; x_wconf 93' lang='lat' dir='ltr'><strong>qui</strong></span> <span class='ocrx_word' id='word_1_140' title='bbox 650 1493 855 1551; x_wconf 78' lang='lat' dir='ltr'><strong>Ierusalem</strong></span> <span class='ocrx_word' id='word_1_141' title='bbox 876 1507 1038 1546; x_wconf 82' lang='lat' dir='ltr'><strong>peregre</strong></span> <span class='ocrx_word' id='word_1_142' title='bbox 1066 1493 1260 1547; x_wconf 90' lang='lat' dir='ltr'><strong>proficisci</strong></span> <span class='ocrx_word' id='word_1_143' title='bbox 1294 1495 1332 1535; x_wconf 86' lang='lat'>&amp;</span> <span class='ocrx_word' id='word_1_144' title='bbox 1361 1496 1553 1537; x_wconf 89' lang='lat' dir='ltr'><strong>donativa</strong></span> 
     </span>
     <span class='ocr_line' id='line_1_21' title="bbox 183 1550 1551 1606; baseline 0.004 -17"><span class='ocrx_word' id='word_1_145' title='bbox 183 1550 237 1589; x_wconf 92' lang='lat' dir='ltr'><strong>ibi</strong></span> <span class='ocrx_word' id='word_1_146' title='bbox 263 1551 440 1603; x_wconf 91' lang='lat' dir='ltr'><strong>recipere</strong></span> <span class='ocrx_word' id='word_1_147' title='bbox 461 1551 516 1591; x_wconf 90' lang='lat' dir='ltr'><strong>eis</strong></span> <span class='ocrx_word' id='word_1_148' title='bbox 547 1552 747 1604; x_wconf 85' lang='lat' dir='ltr'><strong>praecepit.</strong></span> <span class='ocrx_word' id='word_1_149' title='bbox 777 1551 903 1592; x_wconf 92' lang='lat' dir='ltr'><strong>Tunc</strong></span> <span class='ocrx_word' id='word_1_150' title='bbox 936 1552 992 1592; x_wconf 91' lang='lat' dir='ltr'><strong>illi</strong></span> <span class='ocrx_word' id='word_1_151' title='bbox 1023 1551 1102 1592; x_wconf 86' lang='lat' dir='ltr'><strong>fine</strong></span> <span class='ocrx_word' id='word_1_152' title='bbox 1133 1567 1227 1606; x_wconf 89' lang='lat' dir='ltr'><strong>pera</strong></span> <span class='ocrx_word' id='word_1_153' title='bbox 1253 1553 1291 1593; x_wconf 68' lang='grc' dir='ltr'><strong>ὅτ</strong></span> <span class='ocrx_word' id='word_1_154' title='bbox 1324 1554 1481 1605; x_wconf 91' lang='lat' dir='ltr'><strong>baculo,</strong></span> <span class='ocrx_word' id='word_1_155' title='bbox 1512 1556 1551 1595; x_wconf 88' lang='lat' dir='ltr'><strong>in</strong></span> 
     </span>
     <span class='ocr_line' id='line_1_22' title="bbox 184 1608 1551 1666; baseline 0.004 -18"><span class='ocrx_word' id='word_1_156' title='bbox 184 1608 369 1649; x_wconf 91' lang='lat' dir='ltr'><strong>Domino</strong></span> <span class='ocrx_word' id='word_1_157' title='bbox 399 1620 555 1649; x_wconf 90' lang='lat' dir='ltr'><strong>tantum</strong></span> <span class='ocrx_word' id='word_1_158' title='bbox 584 1609 854 1661; x_wconf 89' lang='lat' dir='ltr'><strong>confidentes,</strong></span> <span class='ocrx_word' id='word_1_159' title='bbox 880 1612 955 1651; x_wconf 90' lang='lat' dir='ltr'><strong>iter</strong></span> <span class='ocrx_word' id='word_1_160' title='bbox 980 1612 1192 1665; x_wconf 87' lang='lat' dir='ltr'><strong>arripiunt,</strong></span> <span class='ocrx_word' id='word_1_161' title='bbox 1218 1612 1256 1653; x_wconf 86' lang='lat'>&amp;</span> <span class='ocrx_word' id='word_1_162' title='bbox 1286 1627 1355 1666; x_wconf 89' lang='lat' dir='ltr'><strong>per</strong></span> <span class='ocrx_word' id='word_1_163' title='bbox 1383 1614 1551 1655; x_wconf 89' lang='lat' dir='ltr'><strong>diversas</strong></span> 
     </span>
     <span class='ocr_line' id='line_1_23' title="bbox 182 1668 1551 1724; baseline 0.004 -17"><span class='ocrx_word' id='word_1_164' title='bbox 182 1668 408 1721; x_wconf 86' lang='lat' dir='ltr'><strong>provincias</strong></span> <span class='ocrx_word' id='word_1_165' title='bbox 430 1668 505 1708; x_wconf 83' lang='lat' dir='ltr'><strong>suae</strong></span> <span class='ocrx_word' id='word_1_166' title='bbox 526 1668 741 1710; x_wconf 57' lang='lat' dir='ltr'><strong>sant-&amp;titatis</strong></span> <span class='ocrx_word' id='word_1_167' title='bbox 762 1669 925 1723; x_wconf 89' lang='lat' dir='ltr'><strong>vestigia</strong></span> <span class='ocrx_word' id='word_1_168' title='bbox 944 1670 1230 1724; x_wconf 88' lang='lat' dir='ltr'><strong>relinquentes,</strong></span> <span class='ocrx_word' id='word_1_169' title='bbox 1251 1673 1551 1712; x_wconf 90' lang='lat' dir='ltr'><strong>occurrentium</strong></span> 
     </span>
     <span class='ocr_line' id='line_1_24' title="bbox 180 1727 1549 1782; baseline 0.004 -16"><span class='ocrx_word' id='word_1_170' title='bbox 180 1727 375 1767; x_wconf 87' lang='lat' dir='ltr'><strong>debilium</strong></span> <span class='ocrx_word' id='word_1_171' title='bbox 396 1727 555 1767; x_wconf 91' lang='lat' dir='ltr'><strong>dolores</strong></span> <span class='ocrx_word' id='word_1_172' title='bbox 577 1727 828 1768; x_wconf 89' lang='lat' dir='ltr'><strong>alleviabant.</strong></span> <span class='ocrx_word' id='word_1_173' title='bbox 861 1729 1051 1782; x_wconf 90' lang='lat' dir='ltr'><strong>Cumque</strong></span> <span class='ocrx_word' id='word_1_174' title='bbox 1070 1730 1107 1768; x_wconf 92' lang='lat' dir='ltr'><strong>in</strong></span> <span class='ocrx_word' id='word_1_175' title='bbox 1127 1730 1190 1768; x_wconf 91' lang='lat' dir='ltr'><strong>via</strong></span> <span class='ocrx_word' id='word_1_176' title='bbox 1206 1730 1447 1782; x_wconf 79' lang='lat' dir='ltr'><strong>obsisterent,</strong></span> <span class='ocrx_word' id='word_1_177' title='bbox 1467 1746 1549 1771; x_wconf 92' lang='lat' dir='ltr'><strong>non</strong></span> 
     </span>
     <span class='ocr_line' id='line_1_25' title="bbox 179 1786 1549 1842; baseline 0.004 -18"><span class='ocrx_word' id='word_1_178' title='bbox 179 1795 336 1825; x_wconf 89' lang='lat' dir='ltr'><strong>tantum</strong></span> <span class='ocrx_word' id='word_1_179' title='bbox 352 1786 477 1840; x_wconf 91' lang='lat' dir='ltr'><strong>spolia</strong></span> <span class='ocrx_word' id='word_1_180' title='bbox 492 1787 570 1828; x_wconf 91' lang='lat' dir='ltr'><strong>illis</strong></span> <span class='ocrx_word' id='word_1_181' title='bbox 588 1786 755 1840; x_wconf 88' lang='lat' dir='ltr'><strong>pacifice</strong></span> <span class='ocrx_word' id='word_1_182' title='bbox 771 1787 1064 1838; x_wconf 86' lang='lat' dir='ltr'><strong>concedebant,</strong></span> <span class='ocrx_word' id='word_1_183' title='bbox 1081 1787 1142 1827; x_wconf 92' lang='lat' dir='ltr'><strong>sed</strong></span> <span class='ocrx_word' id='word_1_184' title='bbox 1159 1788 1185 1828; x_wconf 87' lang='lat' dir='ltr'><strong>fi</strong></span> <span class='ocrx_word' id='word_1_185' title='bbox 1201 1789 1296 1842; x_wconf 94' lang='lat' dir='ltr'><strong>quid</strong></span> <span class='ocrx_word' id='word_1_186' title='bbox 1315 1790 1458 1842; x_wconf 86' lang='lat' dir='ltr'><strong>praedae</strong></span> <span class='ocrx_word' id='word_1_187' title='bbox 1475 1790 1549 1829; x_wconf 86' lang='lat' dir='ltr'><strong>im—</strong></span> 
     </span>
     <span class='ocr_line' id='line_1_26' title="bbox 178 1846 1549 1902; baseline 0.003 -18"><span class='ocrx_word' id='word_1_188' title='bbox 178 1859 378 1885; x_wconf 90' lang='lat' dir='ltr'><strong>memores</strong></span> <span class='ocrx_word' id='word_1_189' title='bbox 399 1846 468 1899; x_wconf 90' lang='lat' dir='ltr'><strong>ips1</strong></span> <span class='ocrx_word' id='word_1_190' title='bbox 487 1847 774 1901; x_wconf 87' lang='lat' dir='ltr'><strong>relinquerent,</strong></span> <span class='ocrx_word' id='word_1_191' title='bbox 796 1847 1084 1899; x_wconf 87' lang='lat' dir='ltr'><strong>praedatoribus</strong></span> <span class='ocrx_word' id='word_1_192' title='bbox 1104 1848 1217 1886; x_wconf 84' lang='lat' dir='ltr'><strong>hilari</strong></span> <span class='ocrx_word' id='word_1_193' title='bbox 1237 1848 1349 1887; x_wconf 89' lang='lat' dir='ltr'><strong>vultu</strong></span> <span class='ocrx_word' id='word_1_194' title='bbox 1372 1850 1549 1902; x_wconf 90' lang='lat' dir='ltr'><strong>porrige-</strong></span> 
     </span>
     <span class='ocr_line' id='line_1_27' title="bbox 178 1903 1547 1959; baseline 0.002 -16"><span class='ocrx_word' id='word_1_195' title='bbox 178 1904 284 1944; x_wconf 88' lang='lat' dir='ltr'><strong>bant.</strong></span> <span class='ocrx_word' id='word_1_196' title='bbox 315 1903 377 1944; x_wconf 92' lang='lat' dir='ltr'><strong>Illi</strong></span> <span class='ocrx_word' id='word_1_197' title='bbox 408 1916 542 1945; x_wconf 90' lang='lat' dir='ltr'><strong>autem</strong></span> <span class='ocrx_word' id='word_1_198' title='bbox 563 1904 860 1959; x_wconf 76' lang='lat' dir='ltr'><strong>simplicitatem</strong></span> <span class='ocrx_word' id='word_1_199' title='bbox 885 1905 1112 1945; x_wconf 68' lang='lat' dir='ltr'><strong>san&amp;orum</strong></span> <span class='ocrx_word' id='word_1_200' title='bbox 1133 1906 1438 1958; x_wconf 80' lang='lat' dir='ltr'><strong>considerantes,</strong></span> <span class='ocrx_word' id='word_1_201' title='bbox 1458 1909 1547 1947; x_wconf 89' lang='lat' dir='ltr'><strong>red-</strong></span> 
     </span>
     <span class='ocr_line' id='line_1_28' title="bbox 178 1963 1549 2017; baseline 0.003 -15"><span class='ocrx_word' id='word_1_202' title='bbox 178 1964 270 2004; x_wconf 90' lang='lat' dir='ltr'><strong>ditis</strong></span> <span class='ocrx_word' id='word_1_203' title='bbox 291 1963 439 2016; x_wconf 88' lang='lat' dir='ltr'><strong>spoliis,</strong></span> <span class='ocrx_word' id='word_1_204' title='bbox 460 1965 620 2004; x_wconf 89' lang='lat' dir='ltr'><strong>veniam</strong></span> <span class='ocrx_word' id='word_1_205' title='bbox 642 1966 691 2004; x_wconf 91' lang='lat' dir='ltr'><strong>de</strong></span> <span class='ocrx_word' id='word_1_206' title='bbox 712 1964 929 2004; x_wconf 87' lang='lat' dir='ltr'><strong>commiffis</strong></span> <span class='ocrx_word' id='word_1_207' title='bbox 951 1963 1204 2017; x_wconf 89' lang='lat' dir='ltr'><strong>postulabant</strong></span> <span class='ocrx_word' id='word_1_208' title='bbox 1224 1964 1262 2005; x_wconf 89' lang='lat'>&amp;</span> <span class='ocrx_word' id='word_1_209' title='bbox 1283 1965 1330 2004; x_wconf 92' lang='lat' dir='ltr'><strong>ad</strong></span> <span class='ocrx_word' id='word_1_210' title='bbox 1353 1977 1438 2006; x_wconf 88' lang='lat' dir='ltr'><strong>tuta</strong></span> <span class='ocrx_word' id='word_1_211' title='bbox 1457 1966 1549 2006; x_wconf 91' lang='lat' dir='ltr'><strong>loca</strong></span> 
     </span>
     <span class='ocr_line' id='line_1_29' title="bbox 178 2023 473 2064; baseline -0.003 0"><span class='ocrx_word' id='word_1_212' title='bbox 178 2023 473 2064; x_wconf 88' lang='lat' dir='ltr'><strong>conducebant.</strong></span> 
     </span>
    </p>

    <p class='ocr_par' dir='ltr' id='par_1_6' title="bbox 178 2081 1547 2785">
     <span class='ocr_line' id='line_1_30' title="bbox 234 2081 1547 2140; baseline 0.002 -21"><span class='ocrx_word' id='word_1_213' title='bbox 234 2099 250 2119; x_wconf 69' lang='lat'><strong>&lt;4</strong></span> <span class='ocrx_word' id='word_1_214' title='bbox 275 2081 454 2135; x_wconf 86' lang='lat' dir='ltr'><strong>lngreffis</strong></span> <span class='ocrx_word' id='word_1_215' title='bbox 487 2093 621 2122; x_wconf 90' lang='lat' dir='ltr'><strong>autem</strong></span> <span class='ocrx_word' id='word_1_216' title='bbox 648 2081 727 2122; x_wconf 89' lang='lat' dir='ltr'><strong>illis</strong></span> <span class='ocrx_word' id='word_1_217' title='bbox 756 2082 964 2140; x_wconf 84' lang='lat' dir='ltr'><strong>Ierusalem</strong></span> <span class='ocrx_word' id='word_1_218' title='bbox 994 2083 1170 2122; x_wconf 85' lang='lat' dir='ltr'><strong>occurrit</strong></span> <span class='ocrx_word' id='word_1_219' title='bbox 1196 2083 1327 2122; x_wconf 89' lang='lat' dir='ltr'><strong>omnis</strong></span> <span class='ocrx_word' id='word_1_220' title='bbox 1361 2083 1547 2135; x_wconf 88' lang='lat' dir='ltr'><strong>populus,</strong></span> 
     </span>
     <span class='ocr_line' id='line_1_31' title="bbox 178 2140 1544 2195; baseline 0.001 -15"><span class='ocrx_word' id='word_1_221' title='bbox 178 2141 346 2195; x_wconf 91' lang='lat' dir='ltr'><strong>psallens</strong></span> <span class='ocrx_word' id='word_1_222' title='bbox 367 2142 407 2180; x_wconf 92' lang='lat' dir='ltr'><strong>in</strong></span> <span class='ocrx_word' id='word_1_223' title='bbox 428 2141 593 2181; x_wconf 86' lang='lat' dir='ltr'><strong>canticis</strong></span> <span class='ocrx_word' id='word_1_224' title='bbox 615 2141 653 2180; x_wconf 91' lang='lat'>&amp;</span> <span class='ocrx_word' id='word_1_225' title='bbox 669 2141 842 2194; x_wconf 89' lang='lat' dir='ltr'><strong>hymnis,</strong></span> <span class='ocrx_word' id='word_1_226' title='bbox 863 2140 985 2194; x_wconf 91' lang='lat' dir='ltr'><strong>usque</strong></span> <span class='ocrx_word' id='word_1_227' title='bbox 1003 2141 1049 2180; x_wconf 91' lang='lat' dir='ltr'><strong>ad</strong></span> <span class='ocrx_word' id='word_1_228' title='bbox 1068 2140 1266 2193; x_wconf 90' lang='lat' dir='ltr'><strong>templum</strong></span> <span class='ocrx_word' id='word_1_229' title='bbox 1283 2140 1454 2180; x_wconf 91' lang='lat' dir='ltr'><strong>Domini</strong></span> <span class='ocrx_word' id='word_1_230' title='bbox 1474 2157 1544 2182; x_wconf 92' lang='lat' dir='ltr'><strong>eos</strong></span> 
     </span>
     <span class='ocr_line' id='line_1_32' title="bbox 179 2200 1544 2253; baseline -0.001 -12"><span class='ocrx_word' id='word_1_231' title='bbox 179 2202 393 2241; x_wconf 89' lang='lat' dir='ltr'><strong>deducens.</strong></span> <span class='ocrx_word' id='word_1_232' title='bbox 425 2200 685 2241; x_wconf 90' lang='lat' dir='ltr'><strong>Continuatis</strong></span> <span class='ocrx_word' id='word_1_233' title='bbox 707 2200 815 2239; x_wconf 88' lang='lat' dir='ltr'><strong>enirn</strong></span> <span class='ocrx_word' id='word_1_234' title='bbox 836 2200 967 2240; x_wconf 86' lang='lat' dir='ltr'><strong>triduo</strong></span> <span class='ocrx_word' id='word_1_235' title='bbox 989 2200 1043 2239; x_wconf 92' lang='lat' dir='ltr'><strong>ibi</strong></span> <span class='ocrx_word' id='word_1_236' title='bbox 1067 2200 1264 2252; x_wconf 85' lang='lat' dir='ltr'><strong>precibus,</strong></span> <span class='ocrx_word' id='word_1_237' title='bbox 1286 2200 1386 2239; x_wconf 93' lang='lat' dir='ltr'><strong>adeo</strong></span> <span class='ocrx_word' id='word_1_238' title='bbox 1408 2200 1544 2253; x_wconf 91' lang='lat' dir='ltr'><strong>super-</strong></span> 
     </span>
     <span class='ocr_line' id='line_1_33' title="bbox 178 2259 1544 2312; baseline -0.002 -12"><span class='ocrx_word' id='word_1_239' title='bbox 178 2274 323 2301; x_wconf 90' lang='lat' dir='ltr'><strong>norum</strong></span> <span class='ocrx_word' id='word_1_240' title='bbox 335 2259 669 2312; x_wconf 89' lang='lat' dir='ltr'><strong>contemplationi</strong></span> <span class='ocrx_word' id='word_1_241' title='bbox 682 2259 888 2309; x_wconf 90' lang='lat' dir='ltr'><strong>vacabant,</strong></span> <span class='ocrx_word' id='word_1_242' title='bbox 901 2260 1009 2311; x_wconf 89' lang='lat' dir='ltr'><strong>quod</strong></span> <span class='ocrx_word' id='word_1_243' title='bbox 1024 2270 1271 2298; x_wconf 89' lang='lat' dir='ltr'><strong>terrenorum</strong></span> <span class='ocrx_word' id='word_1_244' title='bbox 1287 2259 1544 2298; x_wconf 90' lang='lat' dir='ltr'><strong>immemores</strong></span> 
     </span>
     <span class='ocr_line' id='line_1_34' title="bbox 180 2317 1544 2374; baseline -0.003 -14"><span class='ocrx_word' id='word_1_245' title='bbox 180 2321 338 2374; x_wconf 90' lang='lat' dir='ltr'><strong>penitus</strong></span> <span class='ocrx_word' id='word_1_246' title='bbox 359 2329 481 2358; x_wconf 92' lang='lat' dir='ltr'><strong>erant.</strong></span> <span class='ocrx_word' id='word_1_247' title='bbox 515 2317 777 2370; x_wconf 68' lang='lat' dir='ltr'><strong>Exspetstabat</strong></span> <span class='ocrx_word' id='word_1_248' title='bbox 796 2318 947 2357; x_wconf 90' lang='lat' dir='ltr'><strong>interea</strong></span> <span class='ocrx_word' id='word_1_249' title='bbox 968 2328 1075 2357; x_wconf 91' lang='lat' dir='ltr'><strong>totus</strong></span> <span class='ocrx_word' id='word_1_250' title='bbox 1096 2317 1240 2368; x_wconf 89' lang='lat' dir='ltr'><strong>clerus,</strong></span> <span class='ocrx_word' id='word_1_251' title='bbox 1269 2328 1419 2357; x_wconf 89' lang='lat' dir='ltr'><strong>attente</strong></span> <span class='ocrx_word' id='word_1_252' title='bbox 1446 2332 1544 2357; x_wconf 89' lang='lat' dir='ltr'><strong>con-</strong></span> 
     </span>
     <span class='ocr_line' id='line_1_35' title="bbox 180 2374 1544 2431; baseline -0.002 -12"><span class='ocrx_word' id='word_1_253' title='bbox 180 2378 363 2428; x_wconf 89' lang='lat' dir='ltr'><strong>fiderans,</strong></span> <span class='ocrx_word' id='word_1_254' title='bbox 392 2377 480 2431; x_wconf 88' lang='lat' dir='ltr'><strong>quis</strong></span> <span class='ocrx_word' id='word_1_255' title='bbox 500 2376 724 2416; x_wconf 65' lang='lat' dir='ltr'><strong>san&amp;orum</strong></span> <span class='ocrx_word' id='word_1_256' title='bbox 745 2390 867 2429; x_wconf 91' lang='lat' dir='ltr'><strong>quam</strong></span> <span class='ocrx_word' id='word_1_257' title='bbox 886 2376 1018 2415; x_wconf 89' lang='lat' dir='ltr'><strong>sedem</strong></span> <span class='ocrx_word' id='word_1_258' title='bbox 1039 2374 1106 2415; x_wconf 91' lang='lat' dir='ltr'><strong>fibi</strong></span> <span class='ocrx_word' id='word_1_259' title='bbox 1129 2378 1310 2416; x_wconf 88' lang='lat' dir='ltr'><strong>oratione</strong></span> <span class='ocrx_word' id='word_1_260' title='bbox 1331 2375 1444 2415; x_wconf 91' lang='lat' dir='ltr'><strong>finita</strong></span> <span class='ocrx_word' id='word_1_261' title='bbox 1472 2375 1544 2416; x_wconf 95' lang='lat' dir='ltr'><strong>eli-</strong></span> 
     </span>
     <span class='ocr_line' id='line_1_36' title="bbox 179 2434 1543 2491; baseline -0.003 -14"><span class='ocrx_word' id='word_1_262' title='bbox 179 2448 307 2491; x_wconf 85' lang='lat' dir='ltr'><strong>geret,</strong></span> <span class='ocrx_word' id='word_1_263' title='bbox 332 2447 377 2476; x_wconf 93' lang='lat' dir='ltr'><strong>ut</strong></span> <span class='ocrx_word' id='word_1_264' title='bbox 405 2435 503 2475; x_wconf 88' lang='lat' dir='ltr'><strong>ficut</strong></span> <span class='ocrx_word' id='word_1_265' title='bbox 529 2435 688 2476; x_wconf 87' lang='lat' dir='ltr'><strong>coelitus</strong></span> <span class='ocrx_word' id='word_1_266' title='bbox 717 2448 786 2488; x_wconf 92' lang='lat' dir='ltr'><strong>per</strong></span> <span class='ocrx_word' id='word_1_267' title='bbox 809 2434 997 2488; x_wconf 88' lang='lat' dir='ltr'><strong>angelum</strong></span> <span class='ocrx_word' id='word_1_268' title='bbox 1025 2435 1134 2474; x_wconf 60' lang='lat' dir='ltr'><strong>doeh</strong></span> <span class='ocrx_word' id='word_1_269' title='bbox 1165 2446 1293 2486; x_wconf 89' lang='lat' dir='ltr'><strong>erant,</strong></span> <span class='ocrx_word' id='word_1_270' title='bbox 1326 2435 1365 2474; x_wconf 89' lang='lat' dir='ltr'><strong>in</strong></span> <span class='ocrx_word' id='word_1_271' title='bbox 1392 2434 1543 2474; x_wconf 91' lang='lat' dir='ltr'><strong>sedium</strong></span> 
     </span>
     <span class='ocr_line' id='line_1_37' title="bbox 180 2492 1541 2546; baseline -0.003 -11"><span class='ocrx_word' id='word_1_272' title='bbox 180 2495 378 2536; x_wconf 73' lang='lat' dir='ltr'><strong>ele6‘ti0ne</strong></span> <span class='ocrx_word' id='word_1_273' title='bbox 412 2504 595 2534; x_wconf 88' lang='lat' dir='ltr'><strong>notarent</strong></span> <span class='ocrx_word' id='word_1_274' title='bbox 630 2507 751 2546; x_wconf 91' lang='lat' dir='ltr'><strong>quem</strong></span> <span class='ocrx_word' id='word_1_275' title='bbox 781 2494 922 2534; x_wconf 91' lang='lat' dir='ltr'><strong>ceteris</strong></span> <span class='ocrx_word' id='word_1_276' title='bbox 955 2493 1116 2532; x_wconf 91' lang='lat' dir='ltr'><strong>illorum</strong></span> <span class='ocrx_word' id='word_1_277' title='bbox 1151 2493 1358 2546; x_wconf 85' lang='lat' dir='ltr'><strong>praelatum</strong></span> <span class='ocrx_word' id='word_1_278' title='bbox 1393 2492 1541 2532; x_wconf 91' lang='lat' dir='ltr'><strong>consti-</strong></span> 
     </span>
     <span class='ocr_line' id='line_1_38' title="bbox 180 2551 1541 2604; baseline -0.002 -10"><span class='ocrx_word' id='word_1_279' title='bbox 180 2565 348 2595; x_wconf 91' lang='lat' dir='ltr'><strong>tuerent.</strong></span> <span class='ocrx_word' id='word_1_280' title='bbox 377 2553 502 2593; x_wconf 88' lang='lat' dir='ltr'><strong>Erant</strong></span> <span class='ocrx_word' id='word_1_281' title='bbox 522 2553 561 2592; x_wconf 94' lang='lat' dir='ltr'><strong>in</strong></span> <span class='ocrx_word' id='word_1_282' title='bbox 583 2551 735 2604; x_wconf 88' lang='lat' dir='ltr'><strong>templo</strong></span> <span class='ocrx_word' id='word_1_283' title='bbox 757 2562 833 2592; x_wconf 87' lang='lat' dir='ltr'><strong>tres</strong></span> <span class='ocrx_word' id='word_1_284' title='bbox 848 2552 1046 2591; x_wconf 90' lang='lat' dir='ltr'><strong>cathedrae</strong></span> <span class='ocrx_word' id='word_1_285' title='bbox 1067 2551 1284 2592; x_wconf 91' lang='lat' dir='ltr'><strong>senioribus</strong></span> <span class='ocrx_word' id='word_1_286' title='bbox 1302 2552 1350 2591; x_wconf 91' lang='lat' dir='ltr'><strong>ab</strong></span> <span class='ocrx_word' id='word_1_287' title='bbox 1368 2552 1541 2604; x_wconf 88' lang='lat' dir='ltr'><strong>antiquis</strong></span> 
     </span>
     <span class='ocr_line' id='line_1_39' title="bbox 180 2609 1540 2666; baseline -0.004 -13"><span class='ocrx_word' id='word_1_288' title='bbox 180 2612 428 2666; x_wconf 88' lang='lat' dir='ltr'><strong>temporibus</strong></span> <span class='ocrx_word' id='word_1_289' title='bbox 443 2611 680 2661; x_wconf 72' lang='lat' dir='ltr'><strong>constitutae,</strong></span> <span class='ocrx_word' id='word_1_290' title='bbox 701 2624 869 2664; x_wconf 87' lang='lat' dir='ltr'><strong>quarum</strong></span> <span class='ocrx_word' id='word_1_291' title='bbox 889 2611 1118 2650; x_wconf 87' lang='lat' dir='ltr'><strong>inferiorem</strong></span> <span class='ocrx_word' id='word_1_292' title='bbox 1139 2610 1178 2651; x_wconf 86' lang='lat'>&amp;</span> <span class='ocrx_word' id='word_1_293' title='bbox 1198 2611 1323 2664; x_wconf 90' lang='lat' dir='ltr'><strong>magis</strong></span> <span class='ocrx_word' id='word_1_294' title='bbox 1344 2609 1540 2649; x_wconf 90' lang='lat' dir='ltr'><strong>humilem</strong></span> 
     </span>
     <span class='ocr_line' id='line_1_40' title="bbox 178 2669 1539 2723; baseline -0.004 -11"><span class='ocrx_word' id='word_1_295' title='bbox 178 2671 379 2712; x_wconf 90' lang='lat' dir='ltr'><strong>Theliaus</strong></span> <span class='ocrx_word' id='word_1_296' title='bbox 413 2670 582 2723; x_wconf 86' lang='lat' dir='ltr'><strong>eligens,</strong></span> <span class='ocrx_word' id='word_1_297' title='bbox 614 2669 832 2709; x_wconf 90' lang='lat' dir='ltr'><strong>nobiliores</strong></span> <span class='ocrx_word' id='word_1_298' title='bbox 866 2669 1049 2709; x_wconf 88' lang='lat' dir='ltr'><strong>fratribus</strong></span> <span class='ocrx_word' id='word_1_299' title='bbox 1086 2680 1249 2722; x_wconf 91' lang='lat' dir='ltr'><strong>propter</strong></span> <span class='ocrx_word' id='word_1_300' title='bbox 1277 2670 1539 2708; x_wconf 89' lang='lat' dir='ltr'><strong>reverentiam</strong></span> 
     </span>
     <span class='ocr_line' id='line_1_41' title="bbox 180 2728 1539 2785; baseline -0.004 -14"><span class='ocrx_word' id='word_1_301' title='bbox 180 2729 338 2771; x_wconf 89' lang='lat' dir='ltr'><strong>dimifit.</strong></span> <span class='ocrx_word' id='word_1_302' title='bbox 370 2729 471 2785; x_wconf 69' lang='lat' dir='ltr'><strong>Quo</strong></span> <span class='ocrx_word' id='word_1_303' title='bbox 490 2729 584 2780; x_wconf 89' lang='lat' dir='ltr'><strong>viso,</strong></span> <span class='ocrx_word' id='word_1_304' title='bbox 600 2742 740 2768; x_wconf 90' lang='lat' dir='ltr'><strong>omnes</strong></span> <span class='ocrx_word' id='word_1_305' title='bbox 759 2729 826 2780; x_wconf 90' lang='lat' dir='ltr'><strong>qui</strong></span> <span class='ocrx_word' id='word_1_306' title='bbox 843 2729 1018 2779; x_wconf 88' lang='lat' dir='ltr'><strong>aderant,</strong></span> <span class='ocrx_word' id='word_1_307' title='bbox 1038 2728 1078 2767; x_wconf 92' lang='lat' dir='ltr'><strong>in</strong></span> <span class='ocrx_word' id='word_1_308' title='bbox 1095 2728 1215 2768; x_wconf 91' lang='lat' dir='ltr'><strong>facies</strong></span> <span class='ocrx_word' id='word_1_309' title='bbox 1235 2728 1318 2768; x_wconf 89' lang='lat' dir='ltr'><strong>suas</strong></span> <span class='ocrx_word' id='word_1_310' title='bbox 1340 2729 1454 2781; x_wconf 91' lang='lat' dir='ltr'><strong>proni</strong></span> <span class='ocrx_word' id='word_1_311' title='bbox 1473 2741 1539 2767; x_wconf 92' lang='lat' dir='ltr'><strong>ca-</strong></span> 
     </span>
    </p>
   </div>
  </div>
 </body>
</html>
