2131 3552
569 217 658 284 236
1177 218 1314 284 (562)

564 376 676 416 dium
699 376 813 416 suum
835 377 875 416 in
904 389 1123 417 moerorem
1143 387 1408 427 converteret,
1429 376 1466 416 δε
1487 376 1653 428 donum,
1677 377 1786 430 quod
1815 378 1863 417 ab
1883 393 1933 418 eo

563 435 824 490 lacrymando
853 446 1076 487 acceperat,
1105 435 1319 488 gaudendo
1341 436 1630 488 deportaverat,
1659 450 1752 476 curn
1778 436 1935 477 tristitia

562 490 776 534 amitteret.
815 494 941 534 Tunc
970 494 1160 548 reliquias
1193 496 1241 534 de
1271 494 1429 548 capsula
1459 494 1632 548 sumptas
1659 494 1726 534 sub
1756 495 1934 535 mamilla

562 552 786 602 abscondit3
804 553 842 593 &
859 568 955 607 quas
970 565 1137 593 externo
1151 553 1331 606 sepulcro
1350 552 1598 593 invisibiliter
1611 553 1649 593 &
1662 555 1935 607 potentialiter

561 612 747 662 extraxit,
767 614 836 652 has
858 611 927 665 ipsi
949 612 1151 663 mamillae,
1170 612 1336 666 reliquae
1367 614 1476 653 carni
1510 625 1744 667 coaequatae,
1772 613 1933 652 interno

560 670 755 723 sepulcro,
786 671 974 711 videlicet
995 672 1137 712 sanctae
1158 671 1337 712 mulieris
1359 673 1528 725 pectori,
1549 671 1934 725 omnipotentissima

561 728 627 768 sua
658 730 818 781 virtute,
853 730 1091 771 mirabiliter
1121 731 1315 770 condidit.
1350 731 1476 771 Tunc
1506 732 1711 771 venientes
1745 732 1814 784 qui
1844 744 1933 771 eam

561 789 911 842 persequebantur,
933 788 1122 830 iufferunt
1133 789 1321 843 reliquias
1339 790 1516 829 reddere.
1540 791 1596 829 At
1612 790 1680 829 illa
1693 789 1934 843 supplicans,

561 847 681 887 dixit:
712 848 861 888 Ablata
881 849 936 888 est
957 848 1041 901 spes
1062 849 1193 902 gaudij
1219 849 1311 899 mei,
1339 848 1377 888 &
1398 848 1536 888 laetitia
1556 863 1644 888 mea
1669 848 1859 888 conversa
1879 847 1934 888 est

561 906 599 946 in
621 906 966 958 lamentationem,
988 909 1082 961 quia
1105 909 1258 946 donum
1280 909 1388 960 quod
1412 909 1563 960 accepi,
1585 919 1748 961 propter
1768 917 1934 960 peccata

560 980 650 1005 mea
677 965 798 1006 amisi.
828 966 882 1006 Et
912 966 967 1006 illi
1000 968 1246 1019 accipientes
1281 966 1496 1020 capsulam,
1534 967 1636 1006 nihil
1668 967 1933 1015 invenerunt3

559 1025 705 1065 deinde
743 1037 865 1078 caput
906 1027 990 1065 eius
1029 1026 1366 1078 discooperientes
1406 1025 1723 1077 denudaverunt,
1759 1026 1796 1066 &
1836 1040 1931 1065 cum

558 1099 640 1124 non
663 1085 904 1135 invenirent,
925 1085 1077 1124 confusi
1099 1083 1241 1124 reversi
1262 1084 1349 1124 sunt
1370 1085 1417 1124 ad
1437 1084 1512 1124 sua.
1530 1083 1618 1137 Ipsa
1637 1096 1772 1125 autem
1793 1085 1934 1125 onusta

559 1143 597 1182 δε
618 1143 750 1183 secura
771 1143 853 1182 ibat
875 1158 945 1196 per
962 1144 1067 1182 viam
1089 1144 1280 1197 gaudens.

614 1219 628 1238 «
655 1201 708 1241 Et
729 1216 822 1241 cum
844 1203 924 1241 iam
945 1203 1088 1242 eadem
1111 1202 1190 1241 Dei
1215 1202 1375 1253 famula,
1398 1203 1484 1256 post
1504 1203 1672 1256 longum
1694 1202 1732 1241 &
1753 1201 1933 1241 laborio-

557 1260 640 1300 sum
661 1261 813 1301 itineris
835 1262 1028 1312 laborem,
1056 1261 1322 1301 Maurianam
1348 1261 1526 1313 venisset,
1547 1261 1585 1302 &
1607 1261 1757 1301 ibidem
1780 1259 1932 1301 Domi-

556 1335 630 1361 nus
652 1320 780 1360 multa
801 1321 993 1360 miracula
1015 1321 1052 1361 &
1070 1321 1279 1374 praeclaras
1300 1321 1479 1372 virtutes,
1507 1336 1577 1374 per
1599 1321 1742 1360 merita
1763 1333 1928 1360 venera-

556 1380 647 1420 bilis
667 1378 831 1420 Ioannis
854 1380 1053 1432 Baptistae,
1086 1392 1274 1433 operatus
1304 1380 1446 1431 fuisset,
1472 1381 1680 1420 audientes
1712 1394 1761 1419 ex
1792 1380 1934 1420 vicinis

556 1439 786 1479 civitatibus
813 1438 989 1492 episcopi
1013 1451 1105 1490 tres,
1139 1438 1381 1494 Taurinensts
1401 1439 1563 1490 scilicet,
1589 1439 1826 1494 Augustenfis,
1856 1454 1932 1479 nec

555 1512 638 1537 non
660 1498 879 1553 Bellicensis,
912 1512 1006 1537 cum
1036 1498 1297 1537 multitudine
1327 1497 1509 1538 fidelium
1539 1499 1645 1538 facto
1672 1498 1852 1549 confilio,
1882 1498 1930 1538 ad

555 1556 768 1597 visitandas
790 1557 977 1610 reliquias
999 1568 1303 1605 convenerunt3
1324 1557 1361 1597 δε
1383 1568 1439 1608 ut,
1460 1556 1486 1596 fi
1508 1557 1593 1597 fieri
1617 1555 1757 1610 posset,
1778 1557 1932 1610 aliquas

556 1615 769 1669 particulas
791 1616 840 1655 de
861 1616 1002 1656 sanctis
1023 1616 1204 1670 reliquiis
1225 1617 1410 1668 accipere
1431 1628 1681 1657 mererentur
1684 1647 1744 1657 .....
1763 1633 1778 1653 »

650 1682 781 1725 [Vitas
804 1681 932 1726 (ᾖξ’-13,
953 1695 992 1715 ex
1020 1682 1135 1715 missali
1157 1683 1301 1717 ecciesiae
1328 1683 1583 1724 Maurianenfis,
1603 1694 1650 1716 cc.
1680 1687 1737 1717 2-8
1761 1684 1849 1728 (AA.
1874 1685 1928 1717 SS.

553 1735 642 1778 Boll„
659 1738 745 1778 Iun„
764 1739 804 1779 V,
824 1748 877 1781 pp.
899 1736 1050 1781 73-74).]

611 1831 626 1849 «
652 1813 753 1853 Non
783 1811 923 1851 desunt
948 1812 1016 1866 qui
1045 1822 1188 1865 putant
1216 1811 1252 1850 b.
1274 1811 1480 1850 Theclam
1504 1811 1673 1864 digitum
1702 1811 1724 1850 s.
1754 1810 1932 1864 Ioannis,

555 1873 622 1925 qui
657 1872 841 1911 comburi
878 1886 960 1910 non
996 1872 1143 1924 potuit,
1177 1885 1225 1910 ex
1261 1871 1341 1910 oris
1376 1870 1645 1910 transmarinis
1676 1869 1857 1911 detuliffe
1891 1873 1931 1912 in

555 1931 864 1980 Mauritaniam,
887 1930 1023 1983 ibique
1045 1930 1084 1969 in
1118 1930 1318 1969 honorem
1347 1930 1383 1969 b.
1405 1927 1569 1969 Ioannis
1600 1927 1808 1969 ecclesiam
1836 1945 1932 1970 con-

553 1988 745 2040 struxisse,
761 2004 850 2043 quae
872 1989 951 2028 hoc
973 1989 1037 2028 die
1058 1989 1132 2028 fuit
1153 1988 1350 2028 dedicata.
1366 2006 1381 2024 »

649 2057 753 2099 [Ioan.
770 2055 939 2097 Belethus,
957 2055 1128 2089 Rationale
1140 2056 1338 2089 divinorum
1349 2056 1572 2098 officiorum,c.
1591 2067 1653 2097 147
1671 2054 1825 2099 (Migne,
1836 2057 1930 2090 Patr.

554 2109 629 2152 lat.,
652 2110 761 2150 CCII,
783 2121 811 2143 c.
838 2110 944 2152 151).]

611 2201 626 2221 (ς
666 2183 775 2224 Cum
813 2194 949 2223 autem
987 2181 1274 2235 colligerentur
1312 2180 1392 2220 offa
1427 2180 1469 2234 [s.
1506 2179 1670 2222 Ioannis
1712 2180 1932 2235 BaptistaeJ,

554 2244 720 2297 quidam
752 2242 942 2282 monachi
977 2256 998 2281 a
1025 2241 1251 2298 lerosolymis
1284 2240 1395 2291 miffi,
1430 2242 1599 2280 latenter
1632 2241 1932 2294 colligentibus,

553 2316 741 2356 magnam
762 2315 904 2341 eorum
923 2312 1076 2354 partem
1099 2300 1289 2351 tulerunt,
1302 2301 1404 2340 inter
1420 2315 1509 2353 quae
1526 2301 1646 2340 etiam
1669 2300 1829 2353 digitus,
1846 2315 1929 2354 quo

554 2361 786 2401 Dominum
800 2359 1046 2410 monstravit,
1056 2358 1166 2399 fuiffe
1180 2359 1424 2412 perhibetur,
1438 2374 1560 2412 quem
1574 2358 1661 2412 post
1673 2358 1931 2399 beataTecla

553 2422 656 2460 inter
676 2419 792 2473 Alpes
813 2418 960 2469 attulit,
981 2419 1017 2459 &
1039 2419 1187 2458 dicitur
1209 2416 1283 2458 effe
1307 2419 1344 2457 in
1367 2417 1532 2458 ecclesia
1552 2417 1842 2473 Maurianenst.
1859 2435 1874 2454 »

642 2487 773 2529 [Petrus
791 2486 982 2527 Comestor,
1005 2485 1257 2529 Hist.scl10last.,
1275 2487 1313 2519 In
1331 2485 1540 2528 Evangelia,
1558 2496 1584 2518 c.
1606 2497 1623 2526 7
1635 2494 1649 2523 3
1668 2485 1821 2529 (Migne,
1839 2486 1929 2518 Patr.

553 2540 624 2582 lat.,
647 2540 839 2580 CXCVIII,
861 2550 910 2572 ce.
936 2539 1177 2582 1¹74·¹175)·]

610 2632 625 2652 «
652 2615 775 2655 Unde
798 2614 876 2667 ipse
893 2614 1040 2668 digitus
1064 2614 1102 2667 [s.
1124 2613 1212 2653 Ioh.
1236 2613 1436 2668 Baptistae]
1463 2629 1484 2654 a
1502 2613 1701 2667 praedicstis
1718 2613 1929 2653 monachis

554 2674 609 2714 est
629 2684 825 2726 repertus,
846 2688 966 2726 quem
990 2672 1261 2726 postmodum,
1294 2684 1336 2712 ut
1356 2673 1525 2713 habetur
1547 2673 1586 2712 in
1618 2672 1803 2727 Hysteria
1816 2671 1929 2730 scho-

553 2733 699 2789 lastica,
733 2731 865 2772 sancta
884 2732 1047 2773 Thecla
1068 2731 1171 2771 intra
1192 2731 1299 2787 Alpes
1322 2731 1465 2772 detulit
1486 2732 1523 2772 &
1544 2733 1584 2772 in
1606 2729 1773 2772 ecclesia
1792 2730 1925 2771 sanai
