2131 3552
593 269 651 330 38
1201 266 1342 330 (326)

590 439 702 466 mum
736 425 957 465 institerant
991 424 1125 463 divina
1148 424 1322 477 vestigia,
1355 438 1450 464 cum
1483 424 1523 463 in
1556 422 1708 464 coelum
1747 421 1954 463 Dominus

589 484 696 523 nube
707 483 879 524 sublatus
895 482 962 534 est,
978 483 1204 522 continuari
1218 483 1450 536 pavimento
1463 496 1557 521 cum
1573 481 1728 535 reliqua
1744 480 1952 521 stratorum

591 552 702 596 parte
713 557 794 583 non
809 543 959 595 potuit:
973 541 1166 595 fiquidem
1179 556 1446 595 quaecumque
1456 540 1772 594 applicabantur,
1784 539 1955 580 insolens

588 602 765 641 humana
784 600 974 652 suscipere
991 610 1094 639 terra
1108 599 1321 652 respueret,
1337 599 1503 640 excuffis
1520 601 1558 639 in
1576 613 1645 639 ora
1662 598 1956 652 apponentium

589 658 689 711 saepe
727 658 1003 698 marmoribus.
1043 657 1159 714 Quin
1191 658 1311 698 etiam
1343 657 1483 698 calcati
1521 658 1616 698 Deo
1649 656 1824 711 pulveris
1855 656 1955 695 adeo

592 731 767 770 perenne
801 717 1092 756 documentum
1121 715 1189 767 est,
1226 727 1270 756 ut
1306 715 1470 770 vestigia
1508 715 1691 770 impressa
1728 725 1958 765 cernantur,

591 776 629 816 δι
649 789 743 815 cum
764 776 946 828 quotidie
965 774 1258 815 confluentium
1277 774 1375 815 fides
1395 776 1580 815 certatim
1602 774 1788 815 Domino
1806 773 1959 813 calcata

591 834 765 887 diripiat,
786 834 978 873 damnum
1000 844 1131 873 tamen
1153 847 1271 872 arena
1296 847 1378 872 non
1406 832 1565 882 sentiat3
1595 833 1633 874 ὅτ
1659 834 1800 873 eadem
1827 833 1958 872 adhuc

590 893 645 932 sui
666 893 851 946 speciem,
870 892 981 932 velut
1002 892 1191 945 impreffis
1211 891 1358 945 fignata
1377 891 1563 945 vestigiis,
1583 903 1688 932 terra
1708 890 1892 931 custodit.

644 950 834 991 Eiusdem
854 951 1000 1004 reginae
1020 949 1216 990 beneficio
1237 964 1336 989 crux
1358 949 1530 990 Domini
1562 961 1650 990 tum
1674 961 1841 1003 reperta,
1870 965 1959 1004 quae

591 1025 724 1064 neque
749 1010 789 1049 in
811 1010 1011 1063 principio
1032 1008 1308 1049 obfistentibus
1338 1007 1484 1049 ludaeis
1516 1019 1700 1062 potuerat
1725 1008 1961 1060 consecrari,

593 1070 630 1110 &
667 1067 801 1122 postea
835 1069 977 1108 dirutae
1007 1068 1179 1108 civitatis
1214 1067 1398 1120 oppressa
1430 1068 1652 1118 ruderibus,
1691 1068 1845 1107 nonnifi
1879 1079 1960 1108 tam

592 1127 763 1168 fideliter
783 1126 1000 1180 requirenti
1022 1127 1170 1165 meruit
1191 1124 1357 1165 ostendi.
1379 1124 1508 1179 Igitur
1536 1126 1694 1165 Helena
1714 1127 1891 1179 primum
1912 1126 1960 1166 de

592 1185 685 1225 loco
707 1185 889 1239 paffionis
909 1185 1059 1224 certior
1079 1183 1195 1234 facta,
1215 1184 1379 1223 admota
1400 1183 1563 1223 militari
1585 1198 1720 1234 manu,
1736 1194 1856 1237 atque
1873 1199 1962 1224 om-

592 1244 706 1284 nium
727 1242 1036 1297 provincialium
1057 1242 1317 1282 multitudine
1340 1243 1380 1282 in
1397 1242 1525 1282 studia
1540 1243 1689 1295 reginae
1706 1243 1962 1294 certantium,

593 1301 715 1343 effodi
750 1314 893 1342 terram
927 1301 965 1342 &
998 1302 1191 1355 contigua
1222 1315 1394 1354 quaeque
1439 1315 1483 1340 ac
1513 1301 1720 1341 vastissima
1755 1302 1962 1342 ruinarum

594 1361 754 1415 purgari
776 1361 907 1402 iubet:
929 1375 1026 1400 mox
1047 1361 1219 1414 pretium
1246 1359 1339 1400 fidei
1361 1359 1399 1400 δι
1430 1359 1576 1400 laboris
1597 1370 1674 1400 tres
1705 1360 1850 1413 pariter
1873 1373 1964 1400 cru-

593 1435 673 1471 ces,
698 1419 797 1460 ficut
826 1419 925 1459 olim
956 1419 1142 1460 Domino
1169 1433 1214 1459 ac
1241 1419 1462 1459 latronibus
1491 1418 1649 1458 duobus
1677 1417 1765 1458 fixae
1794 1419 1964 1470 fuerant,

593 1479 885 1532 reperiuntur...
913 1495 927 1515 2>

688 1567 861 1613 [Sulpicius
876 1570 1025 1610 Severus,
1039 1567 1180 1612 Historia
1187 1568 1307 1612 sacra,
1330 1567 1349 1601 l.
1369 1569 1411 1611 11,
1429 1579 1457 1601 c.
1479 1578 1592 1610 33-34.
1615 1567 1764 1612 (Migne,
1786 1569 1877 1601 Patr.
1893 1566 1965 1610 lat„

594 1624 672 1665 xx,
691 1633 721 1655 c.
746 1623 852 1664 148).]

650 1731 665 1750 «
685 1711 925 1754 Manfithoc
937 1711 1055 1751 seculi
1075 1713 1218 1765 prioris
1234 1712 1344 1752 nefas
1362 1713 1400 1752 in
1419 1723 1606 1766 tempora
1621 1712 1762 1753 nostris
1781 1711 1967 1765 proxima

597 1772 873 1820 Constantini3
907 1771 976 1824 qui
1006 1771 1193 1824 princeps
1227 1770 1304 1810 effe
1334 1771 1585 1824 principibus
1616 1770 1851 1813 Christianis
1881 1783 1964 1809 non

597 1832 721 1885 magis
742 1830 806 1869 sua
829 1844 950 1884 quam
976 1831 1114 1870 matris
1136 1829 1307 1870 Helenae
1326 1829 1405 1870 fide
1427 1831 1598 1870 meruit:
1632 1845 1722 1884 quae
1743 1830 1894 1879 divino,
1923 1838 1967 1868 ut

596 1892 725 1931 exitus
759 1889 912 1939 docuit,
942 1889 1130 1941 inspirato
1164 1888 1344 1938 confilio,
1373 1903 1467 1928 cum
1496 1889 1792 1946 Hiercffolymam
1823 1886 1966 1941 agnos—

596 1960 706 1990 ceret
721 1949 899 1998 nomine,
920 1963 1009 2001 quae
1026 1947 1206 2000 Augusta
1221 1962 1314 1987 cum
1330 1947 1414 1987 filio
1432 1948 1718 2002 conregnabat,
1739 1961 1832 1986 eum
1850 1961 1967 2001 roga-

596 2009 653 2048 vit
687 2018 731 2046 ut
762 2006 829 2046 fibi
864 2005 1095 2045 facultatem
1136 2006 1248 2045 daret
1290 2006 1437 2046 cuneta
1476 2006 1559 2046 illic
1602 2007 1694 2046 loca
1733 2005 1967 2046 Dominicis

599 2064 782 2119 impressa
815 2065 985 2119 vestigiis
1031 2065 1069 2104 &
1103 2065 1332 2104 divinorum
1369 2079 1460 2118 erga
1501 2080 1575 2106 nos
1618 2079 1786 2118 operum
1820 2062 1968 2117 fignata

598 2125 858 2164 monimentis
891 2138 1070 2178 purgare,
1104 2123 1312 2164 destrucstis
1346 2123 1507 2176 templis
1541 2124 1579 2164 &
1608 2123 1740 2173 idolis,
1775 2123 1824 2163 ab
1855 2123 1964 2162 omni

599 2185 819 2237 prophanae
849 2184 1066 2236 impietatis
1087 2184 1290 2236 contagio,
1323 2183 1360 2223 &
1391 2182 1577 2236 religioni
1612 2182 1689 2222 suae
1709 2182 1890 2233 reddere,
1924 2194 1969 2223 ut

603 2242 776 2282 Ecclesia
807 2243 970 2281 tandem
1004 2244 1041 2281 in
1073 2252 1175 2281 terra
1199 2242 1364 2295 originis
1401 2242 1477 2282 suae
1506 2242 1790 2282 celebraretur.
1823 2239 1967 2295 Itaque

599 2311 788 2355 prompto
822 2300 890 2355 filij
922 2301 1175 2353 imperatoris
1208 2298 1354 2340 assensu
1385 2312 1514 2341 mater
1536 2300 1729 2354 Augusta,
1760 2299 1967 2353 patefad'tis

599 2361 646 2400 ad
677 2374 800 2412 opera
824 2359 955 2399 saneta
984 2359 1183 2411 thesauris,
1218 2370 1305 2399 toto
1339 2359 1457 2399 abusa
1488 2359 1582 2400 fisco
1617 2360 1695 2399 est:
1731 2369 1966 2413 quantoque

599 2418 728 2458 sumtu
755 2429 874 2472 atque
895 2417 1006 2457 cultu
1036 2418 1172 2471 regina
1192 2428 1351 2471 poterat
1377 2418 1415 2458 &
1440 2417 1582 2471 religio
1613 2417 1812 2467 suadebat,
1842 2416 1967 2456 aedifi-

599 2479 697 2518 catis
727 2475 895 2518 basilicis
928 2478 1108 2517 contexit
1143 2491 1283 2517 omnes
1311 2477 1350 2517 &
1379 2477 1560 2516 excoluit
1589 2476 1716 2527 locos,
1750 2477 1790 2516 in
1821 2476 1968 2529 quibus

600 2537 781 2577 salutaria
812 2536 929 2576 nobis
965 2536 1150 2589 mysteria
1181 2536 1339 2589 pietatis
1371 2535 1460 2587 suae,
1492 2535 1780 2576 incarnationis
1815 2534 1852 2574 δι
1886 2533 1970 2587 pas-

600 2596 717 2636 fionis
737 2595 775 2635 &
795 2595 1091 2635 resurreEtionis
1108 2606 1228 2648 atque
1244 2594 1478 2635 ascensionis
1495 2594 1747 2634 sacramentis
1762 2592 1969 2634 Dominus

601 2655 854 2707 Redemptor
875 2653 1124 2707 impleverat.
1147 2653 1303 2693 Mirum
1324 2667 1420 2693 vero
1441 2654 1544 2693 inter
1557 2654 1656 2703 haec,
1677 2653 1786 2706 quod
1809 2653 1848 2692 in
1872 2651 1969 2691 bafi-

601 2714 680 2754 lica
699 2711 952 2754 Ascenfionis
982 2712 1096 2753 locus
1116 2711 1183 2752 ille
1205 2722 1361 2752 tantum
1393 2713 1441 2751 de
1463 2727 1544 2765 quo
1571 2712 1610 2751 in
1631 2712 1738 2751 nube
1769 2711 1969 2763 susceptus

603 2773 790 2824 ascendit,
810 2773 1010 2826 captivam
1033 2772 1070 2812 in
1092 2771 1158 2811 sua
1177 2785 1296 2811 carne
1318 2772 1468 2812 ducens
1485 2771 1761 2825 captivitatem
1781 2769 1968 2821 nostram,
