2131 3552
605 184 664 239 88
1158 188 1416 258 (395·396)

423 355 460 383 c.
490 351 580 402 395
603 350 898 408 PALLADIUS,
935 352 1156 412 discipulus
1179 355 1220 412 s.
1248 356 1433 414 Evagrij,
1465 354 1505 398 ὃ*
1544 356 1876 410 INNOCENTrus
1903 353 1965 417 (Ρ)

593 423 809 483 presbyter.
839 430 917 474 (98)

696 503 889 548 [Palladiu5,
917 503 993 547 Hist.
1022 503 1189 548 Laustasa,
1213 515 1261 538 cc.
1292 516 1348 547 43,
1381 517 1422 545 77
1451 507 1483 539 &
1519 515 1583 545 103
1611 505 1767 550 (Migne,
1789 507 1880 540 Patr.
1902 518 1970 551 gr„

601 558 765 598 XXXIV,
781 568 831 590 cc.
858 569 872 589 1
883 569 894 588 1
906 569 958 598 14,
980 568 1078 600 1179,
1096 559 1195 599 1209)
1210 574 1218 600 ;
1246 557 1290 591 cf.
1307 558 1330 591 s.
1345 558 1564 603 Epiphanius,
1583 558 1719 603 Eptstola
1735 560 1784 592 ad
1798 559 1970 593 Iohannem

602 609 843 654 Hieronlymit„
860 621 890 643 c.
912 622 930 652 9
950 610 1105 654 (Migne,
1124 611 1218 643 Patr.
1232 622 1303 654 gr„
1322 612 1447 654 XLIII,
1464 622 1491 644 c.
1515 612 1623 656 392).]

650 663 725 707 (Cf.
742 663 866 697 Itinera
878 674 1004 715 graeca,
1022 664 1064 705 Ι.)

491 740 583 805 396
601 751 956 809 VIGILANTIUS,
985 751 1132 795 Gallus
1147 752 1364 811 presbyter.
1403 759 1481 802 (99)

657 843 673 862 <z
699 826 887 866 Sanctum
909 826 1177 880 Vigilantium
1201 825 1478 880 presbyterum
1512 839 1592 879 qua
1624 826 1813 866 aviditate
1847 827 1972 868 susce-

603 886 731 937 perim
759 886 902 926 melius
922 885 978 925 est
1006 896 1051 926 ut
1073 885 1189 938 ipfius
1208 885 1342 925 verbis
1364 898 1485 938 quarn
1506 884 1605 924 meis
1626 884 1749 926 diseas
1770 885 1921 927 litteris.
1953 904 1968 923 ›>

696 959 741 1000 [S.
767 957 1006 1003 Hieronymus,
1037 957 1174 1002 Epistola
1193 959 1315 999 LVIII,
1343 960 1392 992 ad
1413 957 1584 991 Paulinum
1613 959 1769 1004 (Migne,
1786 960 1877 993 Patr.
1898 958 1973 1000 lat„

600 1011 714 1051 XXII,
734 1021 762 1043 c.
783 1010 891 1055 586).]

656 1102 671 1122 «
697 1084 904 1124 Videlicet
919 1082 945 1123 si
970 1085 1017 1124 ad
1034 1085 1121 1124 haec
1138 1084 1395 1137 respondero,
1415 1084 1546 1124 statim
1567 1084 1730 1126 latrabis
1752 1100 1883 1126 meam
1908 1100 1972 1126 me

601 1145 758 1184 causam
788 1157 921 1197 agere,
955 1144 1024 1198 qui
1060 1154 1167 1184 tanta
1201 1144 1370 1183 cunctos
1404 1143 1586 1197 largitate
1622 1144 1788 1195 donasti,
1827 1156 1871 1185 ut
1901 1143 1972 1184 nifi

601 1201 768 1243 veniffes
795 1202 1094 1261 Hierosolymam
1116 1202 1154 1243 &
1175 1213 1261 1243 tuas
1282 1202 1346 1242 vel
1368 1213 1630 1256 patronorum
1662 1213 1826 1243 tuorum
1850 1218 1973 1257 pecu-

600 1262 686 1302 nias
706 1259 916 1312 effudisses,
938 1275 1080 1302 omnes
1102 1261 1421 1315 periclitaremur
1441 1261 1555 1301 farne.
1582 1278 1597 1297 >>

707 1337 751 1382 [S.
784 1338 1025 1384 Hieronymus,
1065 1338 1241 1382 Adversus
1285 1337 1497 1382 Vigilantiam
1538 1339 1597 1380 (M
1604 1338 1692 1382 igne,
1737 1338 1855 1372 Patrol.
1898 1340 1973 1380 lat„

603 1391 731 1431 XXIII,
764 1402 791 1423 c.
816 1391 918 1435 349);
950 1392 993 1425 cf.
1022 1391 1166 1425 eiusdem
1189 1391 1322 1436 Epistola
1341 1392 1431 1431 LXI,
1461 1392 1510 1424 ad
1539 1391 1764 1435 Vigilantiam,
1789 1392 1877 1436 praes.
1903 1403 1931 1426 c.
1954 1403 1970 1434 3

602 1442 722 1486 (Ibid.,
740 1445 856 1485 XXII,
879 1455 908 1477 c.
932 1445 1037 1490 604),
1058 1444 1267 1486 Gennadius,
1282 1445 1332 1478 De
1341 1443 1457 1488 script.
1470 1443 1588 1487 ecclqfi,
1607 1455 1635 1478 c.
1653 1455 1691 1486 35
1711 1445 1866 1489 (Migne,
1883 1446 1972 1478 Patr.

601 1495 676 1538 lat.,
696 1498 822 1538 LVIII,
842 1508 869 1530 c.
894 1497 1032 1542 1078).]

492 1579 582 1644 396
603 1588 883 1635 S.·181DORUS
905 1587 1040 1652 (forte
1054 1592 1122 1649 qui
1138 1586 1487 1651 Hospitalarius),
1501 1607 1523 1633 a
1537 1590 1775 1650 Theophilo,
1793 1590 1974 1634 <Alexam-

602 1661 719 1704 drino
739 1664 989 1720 patriarcha,
1018 1665 1057 1705 in
1085 1662 1338 1719 Palaestinam
1361 1661 1508 1720 mzjffus.
1537 1666 1640 1712 (100)

658 1757 674 1777 «
702 1738 895 1793 Denique
930 1755 1051 1794 quarn
1083 1739 1269 1794 pacificas
1290 1739 1328 1780 &
1348 1741 1395 1779 ad
1430 1739 1693 1780 concordiam
1728 1740 1974 1792 pertinentes

604 1812 672 1852 per
702 1797 900 1838 Ifidorum
936 1798 1212 1854 presbyterum
1248 1799 1397 1839 litteras
1431 1799 1548 1839 nobis
1570 1798 1732 1849 miseris,
1765 1799 1860 1838 hinc
1881 1813 1976 1852 pro-

603 1858 758 1908 bamus,
790 1858 899 1911 quod
917 1857 1004 1898 illas
1020 1859 1088 1911 qui
1107 1872 1247 1911 pacem
1268 1856 1360 1897 falso
1378 1858 1526 1897 iactant
1542 1857 1707 1897 reddere
1723 1856 1940 1897 noluerint.
1958 1873 1973 1893 ›>

699 1923 743 1969 [S.
763 1925 1006 1971 HieronymuS,
1023 1924 1158 1970 Epistola
1178 1925 1355 1965 LXXXII,
1372 1926 1420 1958 ad
1449 1923 1657 1968 ‘Theophilum
1698 1923 1853 1968 (Migne,
1882 1924 1974 1957 Patr.

601 1975 674 2017 lat„
695 1978 808 2018 ΧΧΠ,
828 1988 856 2010 e.
878 1977 990 2022 741).]

659 2062 674 2082 «
713 2043 859 2085 Mifisti
899 2044 1231 2098 religiofissimum
1270 2046 1481 2086 hominem
1525 2045 1606 2085 Dei
1641 2043 1837 2085 lfidorum
1872 2045 1976 2099 pres-

606 2104 790 2158 byterum
848 2134 1974 2145 ..................

602 2162 731 2203 Κεὲὶε
764 2164 913 2216 gratias
935 2163 1047 2217 {agis,
1080 2161 1151 2203 nifi
1182 2164 1291 2203 enim
1326 2163 1491 2203 veniffet
1525 2161 1712 2214 Ifidorus,
1747 2174 1789 2202 tu
1818 2163 1857 2203 in
1893 2174 1978 2204 tota

603 2221 813 2274 Palaestina
837 2233 918 2262 tarn
938 2221 1100 2262 fidelem
1122 2221 1296 2262 sodalem
1316 2237 1398 2261 non
1422 2221 1631 2262 inveniffes
1704 2252 1973 2262 .....

658 2297 674 2317 «
696 2280 806 2321 Cum
827 2295 922 2335 ergo
939 2282 1019 2320 huc
1034 2280 1211 2332 venisset,
1227 2280 1265 2321 &
1281 2279 1493 2321 accessiffet
1509 2281 1556 2320 ad
1573 2294 1647 2321 nos
1665 2281 1793 2321 tribus
1806 2281 1975 2332 vicibus,

602 2339 640 2379 &
658 2338 896 2379 admovisset
913 2350 993 2379 tam
1010 2340 1156 2379 divinae
1173 2339 1374 2393 sapientiae
1391 2350 1482 2390 tuae,
1497 2353 1618 2393 quam
1636 2340 1806 2392 propriae
1826 2339 1977 2379 intelli-⁷

601 2398 748 2450 gentiae
768 2398 957 2438 habentia
973 2399 1217 2439 medicinam
1237 2399 1370 2450 verba,
1390 2413 1464 2438 nec
1482 2398 1631 2451 profuit
1651 2399 1685 2437 ei
1709 2397 1974 2452 quisquamm

658 2473 674 2492 <a
708 2456 788 2495 Hic
829 2457 899 2510 qui
932 2458 980 2496 ad
1018 2467 1094 2497 tres
1125 2457 1233 2496 vices
1273 2458 1421 2496 dicitur
1450 2459 1497 2496 ad
1529 2471 1603 2497 nos
1635 2454 1840 2507 acceffiffe‚
1870 2458 1974 2497 utin

602 2515 805 2554 veniendo
840 2514 1054 2568 mysticum
1092 2529 1308 2554 numerum
1350 2515 1612 2566 conservaret,
1646 2516 1713 2568 qui
1748 2514 1975 2568 Theophili

603 2572 780 2626 episcopi
801 2574 1037 2613 mandatum
1058 2573 1174 2614 nobis
1204 2573 1458 2627 loquebatur,
1491 2574 1640 2614 litteras
1671 2574 1718 2614 ad
1751 2588 1826 2614 nos
1858 2573 1906 2613 ab
1926 2587 1975 2612 eo

604 2629 734 2671 miffas
766 2631 899 2671 noluit
919 2632 1099 2672 reddere.
1122 2632 1312 2687 Cumque
1343 2633 1593 2673 diceremus:
1628 2632 1666 2673 Si
1688 2631 1872 2685 epistolas
1892 2646 1974 2671 non

604 2690 740 2741 habes,
775 2691 984 2743 quomodo
1020 2691 1198 2745 legatum
1234 2702 1271 2731 te
1298 2691 1514 2745 probabis?
1549 2692 1754 2745 respondit
1773 2691 1809 2731 se
1829 2690 1976 2731 habere
