2131 3552
542 213 632 264 140
1118 198 1256 261 (417)

534 357 717 397 doetrine
738 355 777 396 ὅτ
798 354 1093 396 adnuntiationi
1110 351 1372 394 ecclesiastice
1388 367 1502 393 mens
1528 365 1664 392 earum
1680 353 1728 393 ad
1746 352 1901 392 bonum

534 415 687 468 semper
706 424 864 454 vacaret
884 413 1071 453 institutis
1092 413 1342 453 orationibus
1364 412 1402 452 &
1423 411 1602 451 dicebat:
1635 427 1650 448 <‹
1687 411 1902 452 Memores

537 492 553 513 <z
578 473 703 514 estote
736 483 780 512 ut
799 472 909 512 ficuti
942 486 1051 511 nunc
1085 481 1243 512 tenetur
1272 472 1373 510 ordo
1401 470 1522 524 usque
1552 470 1599 509 ad
1630 469 1902 510 consumatio·
1923 481 1942 511 f.
1960 480 2130 522 252b,c01.

537 550 554 571 «
578 546 672 573 nem
694 541 889 571 teneatur.
913 547 928 566 »

592 608 608 628 «
633 590 708 630 Sed
743 589 791 628 ad
819 590 857 628 id
888 588 997 642 quod
1021 586 1269 642 propositum
1303 588 1358 628 est
1391 598 1652 628 revertamur.
1687 585 1905 639 Suscipitur

536 660 671 690 autem
704 648 743 688 &
775 648 915 687 beatus
949 647 1069 687 frater
1088 647 1173 687 eius
1206 647 1246 687 &
1277 645 1488 700 requiescit
1523 646 1563 685 in
1597 645 1783 685 Domino
1813 655 1905 684 ante

536 722 662 749 annos
684 707 778 746 0810
800 720 921 760 quam
942 705 1011 745 illa
1031 706 1175 757 obiret,
1203 705 1298 746 Deo
1320 706 1374 744 ita
1394 705 1617 745 ordinante.
1640 702 1791 743 Mansit
1810 716 1905 756 ergo

538 769 653 808 beata
685 765 773 819 post
806 765 963 804 obitum
1001 764 1120 815 illius,
1156 764 1405 817 semetipsam
1439 763 1659 803 acrioribus
1683 761 1841 801 ieiuniis
1868 760 1906 801 &

538 825 787 866 orationibus
813 833 1010 874 coartans,
1028 836 1097 876 per
1116 837 1243 863 annos
1261 821 1370 875 [tres]
1393 820 1455 861 vel
1478 831 1652 874 quatuor
1670 834 1907 874 permanens

538 887 578 925 in
600 883 795 937 apostolio
817 884 926 936 quod
948 882 1158 921 modicum
1179 882 1287 932 fecit,
1308 881 1347 920 in
1374 895 1456 934 quo
1480 879 1516 919 &
1537 880 1653 919 beata
1672 889 1799 918 mater
1822 878 1907 918 eius

538 944 576 984 δι
597 944 716 983 frater
746 939 916 994 repofita
947 940 1034 996 (fic)
1067 950 1190 980 erant.
1217 939 1271 979 Et
1299 953 1426 992 quum
1446 939 1602 978 videret
1623 937 1804 978 eclefiam
1824 952 1907 977 non

539 1003 756 1043 habentem
785 1000 1007 1039 monachos
1034 999 1072 1039 &
1102 998 1435 1038 ministrationem
1455 996 1625 1050 neclegi,
1659 995 1853 1036 subintrat
1872 996 1907 1036 ei

540 1059 682 1100 deifica
702 1058 894 1099 emulatio
909 1069 953 1098 ut
975 1059 1123 1098 faceret
1138 1056 1466 1097 hedificationem
1483 1055 1709 1094 finitorum
1729 1055 1909 1094 virorum

540 1132 772 1172 permanere
800 1118 839 1158 &
866 1117 1084 1157 ministrare
1111 1116 1321 1156 no&urnis
1351 1115 1389 1154 &
1418 1114 1571 1154 diurnis
1601 1113 1849 1153 orationibus
1871 1112 1910 1152 &

540 1176 771 1230 psalmodiis
807 1177 846 1216 in
878 1174 1020 1216 eclefia
1049 1175 1180 1215 san&e
1214 1173 1466 1214 Ascenfionis
1501 1171 1540 1212 &
1575 1172 1614 1211 in
1648 1171 1835 1224 spelunca
1870 1171 1910 1211 in

540 1249 620 1289 qua
650 1249 745 1275 cum
774 1234 982 1288 discipulis,
1007 1234 1082 1274 suis
1112 1232 1319 1273 Dominus
1348 1234 1396 1271 de
1417 1231 1764 1271 consummatione
1791 1229 1910 1270 seculi

540 1294 766 1347 disputavit.

596 1369 611 1389 «
627 1352 874 1392 Multotiens
886 1365 983 1390 vero
995 1350 1137 1391 volens
1149 1350 1326 1403 incipere
1339 1348 1448 1402 quod
1462 1347 1651 1400 cupiebat
1663 1346 1727 1399 spe
1739 1347 1812 1386 hac
1826 1345 1912 1401 (stc)

541 1410 620 1450 fide
650 1425 752 1464 opus
779 1410 944 1464 quidem
966 1423 1171 1462 magnum,
1192 1408 1452 1462 proibebatur
1475 1420 1497 1445 a
1517 1404 1753 1460 quibusdam
1774 1404 1914 1444 dicen-

543 1470 649 1510 tibus
678 1483 761 1509 non
796 1466 905 1522 poffe
935 1482 1024 1507 eam
1055 1466 1247 1521 perficere
1280 1465 1306 1505 fi
1341 1464 1517 1519 cepisset,
1556 1474 1719 1517 propter
1747 1463 1913 1503 nimiam

543 1538 833 1582 paupertatem.
867 1526 1063 1580 Dumque
1087 1527 1162 1566 hec
1183 1525 1394 1578 cogitaret,
1414 1538 1510 1564 ecce
1531 1537 1613 1564 non
1635 1521 1721 1575 post
1741 1521 1915 1562 multum

543 1597 702 1640 tempus
719 1586 886 1640 quidam
908 1585 1129 1638 religiosus,
1155 1585 1326 1638 diligens
1348 1583 1569 1633 Christum,
1594 1580 1742 1621 obtulit
1762 1580 1915 1621 ducen-

544 1656 605 1686 tos
627 1645 786 1685 solidos.
810 1643 931 1700 Quos
952 1658 1047 1684 cum
1067 1641 1292 1696 accepisset,
1312 1642 1394 1695 egit
1414 1641 1510 1681 Deo
1530 1641 1690 1694 gratias.
1711 1638 1765 1678 Et
1784 1639 1915 1679 statim

542 1703 706 1744 vocabit
734 1703 1005 1743 humilitatem
1026 1716 1171 1752 meam,
1204 1702 1272 1756 qui
1307 1715 1401 1740 cum
1431 1700 1573 1739 eadem
1600 1697 1916 1752 perseverabam,

544 1763 639 1818 quia
653 1762 691 1803 &
712 1762 793 1816 ipsa
813 1777 878 1801 me
899 1762 948 1802 de
966 1761 1098 1801 seculo
1116 1761 1329 1814 suscipiens
1351 1759 1446 1799 Deo
1477 1757 1625 1798 obtulit
1644 1757 1682 1797 &
1703 1757 1916 1811 indignum

544 1836 609 1861 me
632 1821 815 1863 Christus
842 1821 889 1860 ad
913 1820 1131 1874 presbiterij
1155 1819 1326 1873 gradum
1358 1818 1559 1871 perduxit,
1589 1816 1771 1869 dixitque
1799 1816 1914 1856 mici:
1934 1828 1954 1859 f.
1971 1837 2066 1868 253⁶,
2083 1829 2130 1857 col

549 1898 563 1917 c<
590 1881 748 1934 Accipe
775 1880 850 1920 hos
877 1881 1074 1919 ducentos
1104 1878 1251 1918 solidos
1283 1877 1321 1917 ὅτ
1351 1876 1518 1930 provide
1547 1877 1629 1915 cito
1651 1875 1857 1927 operarios
1879 1874 1916 1914 &

549 1957 563 1977 «
589 1949 888 1993 congregentur
900 1937 1052 1989 lapides
1068 1937 1346 1990 incipiantque
1362 1933 1647 1974 monasterium
1663 1934 1845 1973 virorum
1861 1944 1917 1984 ut,

549 2016 565 2036 «
591 1999 687 2037 dum
707 1998 801 2037 vivo
824 2011 919 2050 ergo
946 1996 984 2036 &
1005 1995 1073 2035 sub
1096 1995 1232 2049 prestis
1255 1995 1338 2050 (stc)
1361 1993 1458 2044 sum,
1479 1993 1637 2032 videam
1655 1992 1919 2032 ministerium

550 2075 564 2094 «
591 2056 686 2097 Deo
702 2056 789 2095 fieri
806 2057 903 2107 cito,
923 2066 966 2095 ut
982 2055 1061 2095 offa
1080 2054 1254 2095 Domini
1275 2052 1479 2105 fratrisque
1501 2053 1594 2102 mei,
1609 2051 1647 2091 δι
1663 2051 1802 2091 matris
1830 2065 1918 2091 mee

552 2134 567 2153 «
594 2114 668 2155 s1nt
696 2116 735 2154 in
756 2115 979 2168 refrigerio,
998 2114 1059 2154 his
1082 2112 1176 2153 Deo
1200 2112 1474 2152 servientibus.
1501 2127 1515 2145 »

607 2192 622 2211 «
648 2174 827 2227 Ceptum
848 2173 904 2213 est
929 2184 1065 2213 autern
1087 2187 1184 2211 mox
1204 2169 1409 2211 hedificari
1432 2169 1483 2221 δε,
1508 2179 1710 2209 annuente
1731 2167 1919 2209 Domino

547 2233 640 2274 fidei
670 2232 831 2283 famule,
863 2233 919 2272 eis
952 2232 1037 2286 ipso
1069 2246 1174 2270 anno
1203 2230 1428 2283 perfeetum
1458 2229 1513 2268 est
1542 2242 1643 2281 opus
1669 2241 1860 2280 magnum
1881 2228 1920 2268 &

549 2291 744 2332 mirabile.
777 2290 905 2346 Quod
929 2291 997 2345 qui
1019 2291 1207 2329 viderunt
1228 2289 1472 2329 admirantes
1493 2285 1650 2328 nonnisi
1670 2287 1805 2326 divina
1825 2300 1920 2339 pro-

547 2351 727 2391 videntia
747 2350 905 2390 fabente
926 2349 1249 2389 consummatum
1270 2345 1345 2387 effe
1367 2348 1602 2387 fatebantur.
1619 2345 1673 2386 Et
1687 2345 1920 2385 habitabant

549 2410 603 2450 ibi
643 2409 763 2449 saneti
802 2409 900 2449 servi
941 2408 1114 2448 Domini
1154 2406 1192 2446 δε
1230 2405 1492 2446 ministerium
1523 2405 1617 2445 Deo
1646 2403 1918 2458 gloriofissime

551 2467 847 2521 adimplebant,
890 2467 966 2507 five
1013 2467 1053 2506 in
1096 2466 1229 2505 saneta
1270 2465 1410 2505 eclefia
1450 2461 1713 2514 Ascenfionis‚
1756 2461 1835 2503 five
1878 2463 1918 2503 in

550 2526 748 2580 apostolio
769 2527 835 2566 ubi
854 2526 985 2566 sanita
1005 2535 1130 2565 mater
1151 2525 1235 2564 eius
1256 2524 1294 2564 &
1311 2524 1431 2563 frater
1452 2522 1762 2576 requiescebant.

607 2603 622 2618 «2
650 2584 796 2641 Quum
817 2585 951 2638 igitur,
977 2585 1017 2624 in
1039 2584 1101 2623 his
1121 2582 1349 2633 constituta,
1366 2582 1537 2621 nimium
1558 2580 1637 2620 leta
1657 2580 1753 2620 Deo
1773 2581 1920 2634 gratias

552 2654 698 2698 ageret,
724 2644 892 2683 veniunt
926 2642 1059 2683 littere
1094 2642 1142 2681 ab
1176 2641 1378 2681 avunculo
1409 2640 1476 2680 suo
1508 2637 1729 2680 Volusiano
1760 2653 1842 2679 uno
1871 2654 1921 2680 ex

551 2702 753 2757 prefeffis,
781 2716 830 2741 eo
851 2703 961 2755 quod
982 2698 1148 2741 veniffet
1175 2699 1575 2753 Constantinopolim
1595 2699 1643 2739 ad
1664 2698 1921 2739 interceden-
