<?xml version="1.0" encoding="UTF-8"?>
<!DOCTYPE html PUBLIC "-//W3C//DTD XHTML 1.0 Transitional//EN"
    "http://www.w3.org/TR/xhtml1/DTD/xhtml1-transitional.dtd">
<html xmlns="http://www.w3.org/1999/xhtml" xml:lang="en" lang="en">
 <head>
  <title>
</title>
<meta http-equiv="Content-Type" content="text/html;charset=utf-8" />
  <meta name='ocr-system' content='tesseract 3.04.00' />
  <meta name='ocr-capabilities' content='ocr_page ocr_carea ocr_par ocr_line ocrx_word'/>
</head>
<body>
  <div class='ocr_page' id='page_1' title='image "./p1itinerahierosoly02tobl_0097.png"; bbox 0 0 2131 3552; ppageno 0'>
   <div class='ocr_carea' id='block_1_1' title="bbox 89 1757 182 1809">
    <p class='ocr_par' dir='ltr' id='par_1_1' title="bbox 89 1757 182 1809">
     <span class='ocr_line' id='line_1_1' title="bbox 89 1757 182 1809; baseline -0.011 0"><span class='ocrx_word' id='word_1_1' title='bbox 89 1757 182 1809; x_wconf 89' lang='lat'>394</span> 
     </span>
    </p>
   </div>
   <div class='ocr_carea' id='block_1_2' title="bbox 803 217 1551 282">
    <p class='ocr_par' dir='ltr' id='par_1_2' title="bbox 803 217 1551 282">
     <span class='ocr_line' id='line_1_2' title="bbox 803 217 1551 282; baseline 0.004 -7"><span class='ocrx_word' id='word_1_2' title='bbox 803 219 940 282; x_wconf 69' lang='lat'>(394)</span> <span class='ocrx_word' id='word_1_3' title='bbox 1498 217 1551 278; x_wconf 75' lang='lat'>83</span> 
     </span>
    </p>
   </div>
   <div class='ocr_carea' id='block_1_3' title="bbox 193 368 1557 657">
    <p class='ocr_par' dir='ltr' id='par_1_3' title="bbox 193 368 1557 539">
     <span class='ocr_line' id='line_1_3' title="bbox 193 368 1557 426; baseline -0.005 -13"><span class='ocrx_word' id='word_1_4' title='bbox 193 373 359 426; x_wconf 91' lang='lat' dir='ltr'>epistola</span> <span class='ocrx_word' id='word_1_5' title='bbox 379 373 465 414; x_wconf 90' lang='lat' dir='ltr'>satis</span> <span class='ocrx_word' id='word_1_6' title='bbox 486 373 552 413; x_wconf 88' lang='lat' dir='ltr'>est.</span> <span class='ocrx_word' id='word_1_7' title='bbox 575 373 751 413; x_wconf 85' lang='lat' dir='ltr'>Uberius</span> <span class='ocrx_word' id='word_1_8' title='bbox 779 372 815 410; x_wconf 94' lang='lat' dir='ltr'>id</span> <span class='ocrx_word' id='word_1_9' title='bbox 843 371 967 423; x_wconf 90' lang='lat' dir='ltr'>ipsum</span> <span class='ocrx_word' id='word_1_10' title='bbox 990 368 1144 422; x_wconf 78' lang='lat' dir='ltr'>possum</span> <span class='ocrx_word' id='word_1_11' title='bbox 1166 382 1236 421; x_wconf 92' lang='lat' dir='ltr'>per</span> <span class='ocrx_word' id='word_1_12' title='bbox 1258 369 1421 407; x_wconf 87' lang='lat' dir='ltr'>fratrem</span> <span class='ocrx_word' id='word_1_13' title='bbox 1445 368 1557 421; x_wconf 74' lang='lat' dir='ltr'>[Pro-</span> 
     </span>
     <span class='ocr_line' id='line_1_4' title="bbox 193 426 1557 485; baseline -0.006 -13"><span class='ocrx_word' id='word_1_14' title='bbox 193 432 403 485; x_wconf 70' lang='lat' dir='ltr'>futuruml,</span> <span class='ocrx_word' id='word_1_15' title='bbox 429 446 548 485; x_wconf 91' lang='lat' dir='ltr'>quem</span> <span class='ocrx_word' id='word_1_16' title='bbox 571 431 817 470; x_wconf 90' lang='lat' dir='ltr'>miscendum</span> <span class='ocrx_word' id='word_1_17' title='bbox 838 429 875 469; x_wconf 68' lang='grc' dir='ltr'>δε</span> <span class='ocrx_word' id='word_1_18' title='bbox 896 428 1084 468; x_wconf 88' lang='lat' dir='ltr'>alendum</span> <span class='ocrx_word' id='word_1_19' title='bbox 1114 426 1300 466; x_wconf 87' lang='lat' dir='ltr'>dulcibus</span> <span class='ocrx_word' id='word_1_20' title='bbox 1330 437 1449 479; x_wconf 89' lang='lat' dir='ltr'>atque</span> <span class='ocrx_word' id='word_1_21' title='bbox 1482 427 1557 464; x_wconf 91' lang='lat' dir='ltr'>uti-</span> 
     </span>
     <span class='ocr_line' id='line_1_5' title="bbox 194 485 1291 539; baseline -0.006 -9"><span class='ocrx_word' id='word_1_22' title='bbox 194 491 296 532; x_wconf 86' lang='lat' dir='ltr'>libus</span> <span class='ocrx_word' id='word_1_23' title='bbox 316 490 713 531; x_wconf 85' lang='lat' dir='ltr'>sermocinationibus</span> <span class='ocrx_word' id='word_1_24' title='bbox 735 489 811 528; x_wconf 92' lang='lat' dir='ltr'>tuis</span> <span class='ocrx_word' id='word_1_25' title='bbox 832 485 972 527; x_wconf 83' lang='lat' dir='ltr'>misisse</span> <span class='ocrx_word' id='word_1_26' title='bbox 994 501 1057 526; x_wconf 90' lang='lat' dir='ltr'>me</span> <span class='ocrx_word' id='word_1_27' title='bbox 1078 486 1248 539; x_wconf 83' lang='lat' dir='ltr'>gaudeo.</span> <span class='ocrx_word' id='word_1_28' title='bbox 1277 501 1291 520; x_wconf 73' lang='lat'>»</span> 
     </span>
    </p>

    <p class='ocr_par' dir='ltr' id='par_1_4' title="bbox 193 557 1557 657">
     <span class='ocr_line' id='line_1_6' title="bbox 289 557 1557 608; baseline -0.006 -11"><span class='ocrx_word' id='word_1_29' title='bbox 289 563 335 608; x_wconf 81' lang='lat' dir='ltr'>[S.</span> <span class='ocrx_word' id='word_1_30' title='bbox 357 563 574 607; x_wconf 79' lang='lat' dir='ltr'>AugustinuS‚</span> <span class='ocrx_word' id='word_1_31' title='bbox 603 560 735 605; x_wconf 83' lang='lat' dir='ltr'>Epistola</span> <span class='ocrx_word' id='word_1_32' title='bbox 755 561 910 601; x_wconf 90' lang='lat' dir='ltr'>XXVIII,</span> <span class='ocrx_word' id='word_1_33' title='bbox 927 560 1020 603; x_wconf 85' lang='lat' dir='ltr'>ads.</span> <span class='ocrx_word' id='word_1_34' title='bbox 1046 558 1269 602; x_wconf 83' lang='lat' dir='ltr'><em>Hieronymum</em></span> <span class='ocrx_word' id='word_1_35' title='bbox 1289 557 1445 601; x_wconf 87' lang='lat' dir='ltr'>(Migne,</span> <span class='ocrx_word' id='word_1_36' title='bbox 1465 558 1557 589; x_wconf 77' lang='lat' dir='ltr'>Patr.</span> 
     </span>
     <span class='ocr_line' id='line_1_7' title="bbox 193 614 741 657; baseline -0.007 -8"><span class='ocrx_word' id='word_1_37' title='bbox 193 616 264 657; x_wconf 85' lang='lat' dir='ltr'>lat.‚</span> <span class='ocrx_word' id='word_1_38' title='bbox 283 616 446 655; x_wconf 81' lang='lat' dir='ltr'>XXXIII,</span> <span class='ocrx_word' id='word_1_39' title='bbox 465 625 512 647; x_wconf 92' lang='lat' dir='ltr'>cc.</span> <span class='ocrx_word' id='word_1_40' title='bbox 536 625 610 654; x_wconf 78' lang='grc' dir='ltr'>ιιι,</span> <span class='ocrx_word' id='word_1_41' title='bbox 635 625 646 645; x_wconf 93' lang='lat'>1</span> <span class='ocrx_word' id='word_1_42' title='bbox 660 614 741 654; x_wconf 85' lang='lat'><strong>¹4)·]</strong></span> 
     </span>
    </p>
   </div>
   <div class='ocr_carea' id='block_1_4' title="bbox 194 685 1568 1583">
    <p class='ocr_par' dir='ltr' id='par_1_5' title="bbox 194 685 1564 1032">
     <span class='ocr_line' id='line_1_8' title="bbox 250 685 1560 741; baseline -0.003 -14"><span class='ocrx_word' id='word_1_43' title='bbox 250 709 264 727; x_wconf 55' lang='lat'>«</span> <span class='ocrx_word' id='word_1_44' title='bbox 292 689 441 730; x_wconf 88' lang='lat' dir='ltr'>Primas</span> <span class='ocrx_word' id='word_1_45' title='bbox 461 689 596 738; x_wconf 90' lang='lat' dir='ltr'>etiam,</span> <span class='ocrx_word' id='word_1_46' title='bbox 616 701 713 741; x_wconf 89' lang='lat' dir='ltr'>quas</span> <span class='ocrx_word' id='word_1_47' title='bbox 734 689 780 726; x_wconf 89' lang='lat' dir='ltr'>ad</span> <span class='ocrx_word' id='word_1_48' title='bbox 804 697 841 726; x_wconf 91' lang='lat' dir='ltr'>te</span> <span class='ocrx_word' id='word_1_49' title='bbox 863 687 993 726; x_wconf 91' lang='lat' dir='ltr'>adhuc</span> <span class='ocrx_word' id='word_1_50' title='bbox 1012 685 1212 740; x_wconf 74' lang='lat' dir='ltr'>presbyter</span> <span class='ocrx_word' id='word_1_51' title='bbox 1234 685 1383 725; x_wconf 83' lang='lat' dir='ltr'>litteras</span> <span class='ocrx_word' id='word_1_52' title='bbox 1406 698 1560 737; x_wconf 84' lang='lat' dir='ltr'>praepa-</span> 
     </span>
     <span class='ocr_line' id='line_1_9' title="bbox 195 742 1563 801; baseline -0.005 -13"><span class='ocrx_word' id='word_1_53' title='bbox 195 762 370 788; x_wconf 87' lang='lat' dir='ltr'>raveram</span> <span class='ocrx_word' id='word_1_54' title='bbox 402 748 615 788; x_wconf 88' lang='lat' dir='ltr'>mittendas</span> <span class='ocrx_word' id='word_1_55' title='bbox 638 761 708 801; x_wconf 89' lang='lat' dir='ltr'>per</span> <span class='ocrx_word' id='word_1_56' title='bbox 728 746 944 800; x_wconf 87' lang='lat' dir='ltr'>quemdam</span> <span class='ocrx_word' id='word_1_57' title='bbox 974 746 1134 785; x_wconf 85' lang='lat' dir='ltr'>fratrem</span> <span class='ocrx_word' id='word_1_58' title='bbox 1165 744 1345 784; x_wconf 89' lang='lat' dir='ltr'>nostrum</span> <span class='ocrx_word' id='word_1_59' title='bbox 1378 742 1563 782; x_wconf 87' lang='lat' dir='ltr'>Profutu-</span> 
     </span>
     <span class='ocr_line' id='line_1_10' title="bbox 194 801 1563 860; baseline -0.005 -13"><span class='ocrx_word' id='word_1_60' title='bbox 194 822 296 858; x_wconf 90' lang='lat' dir='ltr'>rum,</span> <span class='ocrx_word' id='word_1_61' title='bbox 316 808 383 860; x_wconf 93' lang='lat' dir='ltr'>qui</span> <span class='ocrx_word' id='word_1_62' title='bbox 407 807 540 859; x_wconf 89' lang='lat' dir='ltr'>postea</span> <span class='ocrx_word' id='word_1_63' title='bbox 563 806 720 859; x_wconf 84' lang='lat' dir='ltr'>collega</span> <span class='ocrx_word' id='word_1_64' title='bbox 740 806 856 845; x_wconf 89' lang='lat' dir='ltr'>nobis</span> <span class='ocrx_word' id='word_1_65' title='bbox 878 805 1018 855; x_wconf 51' lang='lat' dir='ltr'>fabius,</span> <span class='ocrx_word' id='word_1_66' title='bbox 1050 805 1128 843; x_wconf 90' lang='lat' dir='ltr'>iam</span> <span class='ocrx_word' id='word_1_67' title='bbox 1150 818 1197 842; x_wconf 77' lang='lat' dir='ltr'>ex</span> <span class='ocrx_word' id='word_1_68' title='bbox 1219 804 1292 842; x_wconf 91' lang='lat' dir='ltr'>hac</span> <span class='ocrx_word' id='word_1_69' title='bbox 1315 803 1397 841; x_wconf 88' lang='lat' dir='ltr'>vita</span> <span class='ocrx_word' id='word_1_70' title='bbox 1418 801 1563 856; x_wconf 88' lang='lat' dir='ltr'>migra-</span> 
     </span>
     <span class='ocr_line' id='line_1_11' title="bbox 194 862 1564 918; baseline -0.005 -12"><span class='ocrx_word' id='word_1_71' title='bbox 194 867 264 917; x_wconf 90' lang='lat' dir='ltr'>vit,</span> <span class='ocrx_word' id='word_1_72' title='bbox 297 880 371 905; x_wconf 90' lang='lat' dir='ltr'>nec</span> <span class='ocrx_word' id='word_1_73' title='bbox 406 880 470 906; x_wconf 91' lang='lat' dir='ltr'>eas</span> <span class='ocrx_word' id='word_1_74' title='bbox 504 877 599 906; x_wconf 90' lang='lat' dir='ltr'>tunc</span> <span class='ocrx_word' id='word_1_75' title='bbox 635 864 712 918; x_wconf 92' lang='lat' dir='ltr'>ipse</span> <span class='ocrx_word' id='word_1_76' title='bbox 742 865 917 918; x_wconf 89' lang='lat' dir='ltr'>perferre</span> <span class='ocrx_word' id='word_1_77' title='bbox 940 864 1084 917; x_wconf 89' lang='lat' dir='ltr'>potuit,</span> <span class='ocrx_word' id='word_1_78' title='bbox 1119 863 1212 916; x_wconf 89' lang='lat' dir='ltr'>quia</span> <span class='ocrx_word' id='word_1_79' title='bbox 1249 862 1446 901; x_wconf 88' lang='lat' dir='ltr'>continuo</span> <span class='ocrx_word' id='word_1_80' title='bbox 1468 862 1564 900; x_wconf 90' lang='lat' dir='ltr'>dum</span> 
     </span>
     <span class='ocr_line' id='line_1_12' title="bbox 196 919 1563 981; baseline -0.005 -17"><span class='ocrx_word' id='word_1_81' title='bbox 196 923 386 981; x_wconf 89' lang='lat' dir='ltr'>proficisci</span> <span class='ocrx_word' id='word_1_82' title='bbox 408 924 592 977; x_wconf 84' lang='lat' dir='ltr'>disponit,</span> <span class='ocrx_word' id='word_1_83' title='bbox 612 923 863 977; x_wconf 87' lang='lat' dir='ltr'>episcopatus</span> <span class='ocrx_word' id='word_1_84' title='bbox 885 921 1032 961; x_wconf 88' lang='lat' dir='ltr'>sarcina</span> <span class='ocrx_word' id='word_1_85' title='bbox 1053 922 1253 970; x_wconf 87' lang='lat' dir='ltr'>detentus,</span> <span class='ocrx_word' id='word_1_86' title='bbox 1286 934 1330 959; x_wconf 93' lang='lat' dir='ltr'>ac</span> <span class='ocrx_word' id='word_1_87' title='bbox 1359 919 1502 958; x_wconf 89' lang='lat' dir='ltr'>deinde</span> <span class='ocrx_word' id='word_1_88' title='bbox 1526 920 1563 958; x_wconf 92' lang='lat' dir='ltr'>in</span> 
     </span>
     <span class='ocr_line' id='line_1_13' title="bbox 195 979 1261 1032; baseline -0.005 -9"><span class='ocrx_word' id='word_1_89' title='bbox 195 984 303 1023; x_wconf 91' lang='lat' dir='ltr'>brevi</span> <span class='ocrx_word' id='word_1_90' title='bbox 325 982 538 1023; x_wconf 66' lang='lat' dir='ltr'>defunetus</span> <span class='ocrx_word' id='word_1_91' title='bbox 559 982 626 1032; x_wconf 89' lang='lat' dir='ltr'>est,</span> <span class='ocrx_word' id='word_1_92' title='bbox 647 982 767 1021; x_wconf 91' lang='lat' dir='ltr'>etiam</span> <span class='ocrx_word' id='word_1_93' title='bbox 787 995 896 1021; x_wconf 92' lang='lat' dir='ltr'>nunc</span> <span class='ocrx_word' id='word_1_94' title='bbox 917 981 1074 1020; x_wconf 89' lang='lat' dir='ltr'>mittere</span> <span class='ocrx_word' id='word_1_95' title='bbox 1096 979 1218 1018; x_wconf 91' lang='lat' dir='ltr'>volui.</span> <span class='ocrx_word' id='word_1_96' title='bbox 1247 997 1261 1015; x_wconf 84' lang='lat'>»</span> 
     </span>
    </p>

    <p class='ocr_par' dir='ltr' id='par_1_6' title="bbox 195 1050 1562 1152">
     <span class='ocr_line' id='line_1_14' title="bbox 289 1050 1562 1099; baseline -0.004 -11"><span class='ocrx_word' id='word_1_97' title='bbox 289 1057 333 1098; x_wconf 86' lang='lat' dir='ltr'>[S.</span> <span class='ocrx_word' id='word_1_98' title='bbox 355 1055 576 1099; x_wconf 80' lang='lat' dir='ltr'>AugustinuS,</span> <span class='ocrx_word' id='word_1_99' title='bbox 604 1053 739 1098; x_wconf 76' lang='lat' dir='ltr'>Epistola</span> <span class='ocrx_word' id='word_1_100' title='bbox 757 1054 880 1094; x_wconf 89' lang='lat' dir='ltr'>LXXI,</span> <span class='ocrx_word' id='word_1_101' title='bbox 903 1054 952 1085; x_wconf 86' lang='lat' dir='ltr'>ad</span> <span class='ocrx_word' id='word_1_102' title='bbox 976 1055 1004 1084; x_wconf 90' lang='lat' dir='ltr'>S.</span> <span class='ocrx_word' id='word_1_103' title='bbox 1028 1051 1254 1095; x_wconf 82' lang='lat' dir='ltr'>Hieronymum</span> <span class='ocrx_word' id='word_1_104' title='bbox 1285 1050 1440 1094; x_wconf 83' lang='lat' dir='ltr'>(Migne,</span> <span class='ocrx_word' id='word_1_105' title='bbox 1473 1052 1562 1083; x_wconf 74' lang='lat' dir='ltr'>Patr.</span> 
     </span>
     <span class='ocr_line' id='line_1_15' title="bbox 195 1108 623 1152; baseline -0.007 -10"><span class='ocrx_word' id='word_1_106' title='bbox 195 1108 264 1151; x_wconf 85' lang='lat' dir='ltr'>lat.,</span> <span class='ocrx_word' id='word_1_107' title='bbox 282 1109 444 1149; x_wconf 83' lang='lat' dir='ltr'>XXXIII,</span> <span class='ocrx_word' id='word_1_108' title='bbox 462 1119 491 1141; x_wconf 85' lang='lat' dir='ltr'>c.</span> <span class='ocrx_word' id='word_1_109' title='bbox 514 1108 623 1152; x_wconf 87' lang='lat'>241).]</span> 
     </span>
    </p>

    <p class='ocr_par' dir='ltr' id='par_1_7' title="bbox 197 1172 1568 1583">
     <span class='ocr_line' id='line_1_16' title="bbox 254 1172 1565 1227; baseline -0.002 -13"><span class='ocrx_word' id='word_1_110' title='bbox 254 1195 269 1214; x_wconf 69' lang='lat' dir='ltr'>c&lt;</span> <span class='ocrx_word' id='word_1_111' title='bbox 295 1177 467 1218; x_wconf 87' lang='lat' dir='ltr'>Crebras</span> <span class='ocrx_word' id='word_1_112' title='bbox 493 1177 540 1216; x_wconf 92' lang='lat' dir='ltr'>ad</span> <span class='ocrx_word' id='word_1_113' title='bbox 564 1190 628 1215; x_wconf 94' lang='lat' dir='ltr'>me</span> <span class='ocrx_word' id='word_1_114' title='bbox 657 1174 842 1225; x_wconf 89' lang='lat' dir='ltr'>epistolas</span> <span class='ocrx_word' id='word_1_115' title='bbox 863 1173 1014 1227; x_wconf 85' lang='lat' dir='ltr'>dirigis,</span> <span class='ocrx_word' id='word_1_116' title='bbox 1047 1173 1084 1213; x_wconf 69' lang='grc' dir='ltr'>δι</span> <span class='ocrx_word' id='word_1_117' title='bbox 1106 1173 1205 1226; x_wconf 88' lang='lat' dir='ltr'>saepe</span> <span class='ocrx_word' id='word_1_118' title='bbox 1239 1172 1452 1226; x_wconf 89' lang='lat' dir='ltr'>compellis</span> <span class='ocrx_word' id='word_1_119' title='bbox 1479 1173 1565 1212; x_wconf 91' lang='lat' dir='ltr'>cui-</span> 
     </span>
     <span class='ocr_line' id='line_1_17' title="bbox 197 1235 1566 1288; baseline -0.004 -12"><span class='ocrx_word' id='word_1_120' title='bbox 197 1237 289 1276; x_wconf 90' lang='lat' dir='ltr'>dam</span> <span class='ocrx_word' id='word_1_121' title='bbox 309 1235 487 1288; x_wconf 88' lang='lat' dir='ltr'>epistolae</span> <span class='ocrx_word' id='word_1_122' title='bbox 509 1246 599 1285; x_wconf 84' lang='lat' dir='ltr'>tuae,</span> <span class='ocrx_word' id='word_1_123' title='bbox 634 1263 1566 1273; x_wconf 90' lang='grc'><strong>...............</strong></span> 
     </span>
     <span class='ocr_line' id='line_1_18' title="bbox 197 1291 1567 1347; baseline -0.003 -14"><span class='ocrx_word' id='word_1_124' title='bbox 197 1307 318 1346; x_wconf 92' lang='lat' dir='ltr'>quam</span> <span class='ocrx_word' id='word_1_125' title='bbox 340 1294 515 1346; x_wconf 91' lang='lat' dir='ltr'>primum</span> <span class='ocrx_word' id='word_1_126' title='bbox 546 1308 616 1347; x_wconf 91' lang='lat' dir='ltr'>per</span> <span class='ocrx_word' id='word_1_127' title='bbox 638 1294 797 1333; x_wconf 90' lang='lat' dir='ltr'>fratrem</span> <span class='ocrx_word' id='word_1_128' title='bbox 826 1292 1100 1341; x_wconf 89' lang='lat' dir='ltr'>Profuturum,</span> <span class='ocrx_word' id='word_1_129' title='bbox 1137 1291 1311 1331; x_wconf 87' lang='lat' dir='ltr'>secundo</span> <span class='ocrx_word' id='word_1_130' title='bbox 1336 1304 1404 1344; x_wconf 91' lang='lat' dir='ltr'>per</span> <span class='ocrx_word' id='word_1_131' title='bbox 1425 1304 1567 1344; x_wconf 87' lang='lat' dir='ltr'>quem—</span> 
     </span>
     <span class='ocr_line' id='line_1_19' title="bbox 197 1349 1566 1405; baseline -0.001 -15"><span class='ocrx_word' id='word_1_132' title='bbox 197 1353 290 1391; x_wconf 87' lang='lat' dir='ltr'>dam</span> <span class='ocrx_word' id='word_1_133' title='bbox 311 1352 434 1392; x_wconf 83' lang='lat' dir='ltr'>alium</span> <span class='ocrx_word' id='word_1_134' title='bbox 455 1364 493 1392; x_wconf 91' lang='lat' dir='ltr'>te</span> <span class='ocrx_word' id='word_1_135' title='bbox 510 1351 649 1392; x_wconf 75' lang='lat' dir='ltr'>misisse</span> <span class='ocrx_word' id='word_1_136' title='bbox 670 1350 885 1405; x_wconf 82' lang='lat' dir='ltr'>fignificas3</span> <span class='ocrx_word' id='word_1_137' title='bbox 907 1350 1121 1389; x_wconf 86' lang='lat' dir='ltr'>&amp;interim</span> <span class='ocrx_word' id='word_1_138' title='bbox 1139 1349 1399 1390; x_wconf 87' lang='lat' dir='ltr'>Profuturum</span> <span class='ocrx_word' id='word_1_139' title='bbox 1418 1360 1566 1389; x_wconf 84' lang='lat' dir='ltr'>retrac-</span> 
     </span>
     <span class='ocr_line' id='line_1_20' title="bbox 198 1408 1568 1465; baseline -0.001 -15"><span class='ocrx_word' id='word_1_140' title='bbox 198 1422 284 1450; x_wconf 89' lang='lat' dir='ltr'>tum</span> <span class='ocrx_word' id='word_1_141' title='bbox 305 1413 354 1451; x_wconf 94' lang='lat' dir='ltr'>de</span> <span class='ocrx_word' id='word_1_142' title='bbox 382 1412 523 1452; x_wconf 91' lang='lat' dir='ltr'>itinere</span> <span class='ocrx_word' id='word_1_143' title='bbox 544 1411 582 1452; x_wconf 74' lang='grc' dir='ltr'>δι</span> <span class='ocrx_word' id='word_1_144' title='bbox 602 1412 836 1465; x_wconf 90' lang='lat' dir='ltr'>episcopum</span> <span class='ocrx_word' id='word_1_145' title='bbox 867 1409 1129 1450; x_wconf 88' lang='lat' dir='ltr'>constitutum</span> <span class='ocrx_word' id='word_1_146' title='bbox 1158 1409 1289 1448; x_wconf 90' lang='lat' dir='ltr'>veloci</span> <span class='ocrx_word' id='word_1_147' title='bbox 1322 1419 1452 1448; x_wconf 88' lang='lat' dir='ltr'>morte</span> <span class='ocrx_word' id='word_1_148' title='bbox 1481 1408 1568 1448; x_wconf 91' lang='lat' dir='ltr'>sub—</span> 
     </span>
     <span class='ocr_line' id='line_1_21' title="bbox 199 1469 1568 1521; baseline 0 -13"><span class='ocrx_word' id='word_1_149' title='bbox 199 1469 385 1510; x_wconf 64' lang='lat' dir='ltr'>traEIum:</span> <span class='ocrx_word' id='word_1_150' title='bbox 404 1471 517 1511; x_wconf 91' lang='lat' dir='ltr'>illum</span> <span class='ocrx_word' id='word_1_151' title='bbox 533 1473 648 1513; x_wconf 88' lang='lat' dir='ltr'>cuius</span> <span class='ocrx_word' id='word_1_152' title='bbox 664 1486 813 1511; x_wconf 90' lang='lat' dir='ltr'>nomen</span> <span class='ocrx_word' id='word_1_153' title='bbox 830 1471 987 1521; x_wconf 85' lang='lat' dir='ltr'>retices,</span> <span class='ocrx_word' id='word_1_154' title='bbox 1004 1470 1121 1510; x_wconf 90' lang='lat' dir='ltr'>maris</span> <span class='ocrx_word' id='word_1_155' title='bbox 1139 1469 1309 1510; x_wconf 80' lang='lat' dir='ltr'>timuisse</span> <span class='ocrx_word' id='word_1_156' title='bbox 1327 1469 1568 1520; x_wconf 89' lang='lat' dir='ltr'>discrimina,</span> 
     </span>
     <span class='ocr_line' id='line_1_22' title="bbox 199 1526 998 1583; baseline 0.004 -16"><span class='ocrx_word' id='word_1_157' title='bbox 199 1526 237 1567; x_wconf 91' lang='lat'>&amp;</span> <span class='ocrx_word' id='word_1_158' title='bbox 256 1530 524 1583; x_wconf 87' lang='lat' dir='ltr'>navigationis</span> <span class='ocrx_word' id='word_1_159' title='bbox 545 1529 709 1571; x_wconf 85' lang='lat' dir='ltr'>mutaffe</span> <span class='ocrx_word' id='word_1_160' title='bbox 731 1527 957 1570; x_wconf 85' lang='lat' dir='ltr'>confilium.</span> <span class='ocrx_word' id='word_1_161' title='bbox 983 1546 998 1565; x_wconf 67' lang='lat'>³&gt;</span> 
     </span>
    </p>
   </div>
   <div class='ocr_carea' id='block_1_5' title="bbox 200 1600 1566 1698">
    <p class='ocr_par' dir='ltr' id='par_1_8' title="bbox 200 1600 1566 1698">
     <span class='ocr_line' id='line_1_23' title="bbox 293 1600 1566 1648; baseline -0.002 -14"><span class='ocrx_word' id='word_1_162' title='bbox 293 1600 341 1646; x_wconf 88' lang='lat' dir='ltr'>[S.</span> <span class='ocrx_word' id='word_1_163' title='bbox 363 1601 602 1648; x_wconf 87' lang='lat' dir='ltr'>Hieronymus,</span> <span class='ocrx_word' id='word_1_164' title='bbox 631 1602 765 1647; x_wconf 79' lang='lat' dir='ltr'>Eptstola</span> <span class='ocrx_word' id='word_1_165' title='bbox 783 1603 856 1643; x_wconf 91' lang='lat' dir='ltr'>CV,</span> <span class='ocrx_word' id='word_1_166' title='bbox 873 1602 960 1644; x_wconf 85' lang='lat' dir='ltr'>ads.</span> <span class='ocrx_word' id='word_1_167' title='bbox 981 1601 1189 1645; x_wconf 84' lang='lat' dir='ltr'>Augustinum</span> <span class='ocrx_word' id='word_1_168' title='bbox 1209 1601 1360 1644; x_wconf 84' lang='lat' dir='ltr'>(Migne,</span> <span class='ocrx_word' id='word_1_169' title='bbox 1384 1603 1471 1633; x_wconf 85' lang='lat' dir='ltr'>Patr.</span> <span class='ocrx_word' id='word_1_170' title='bbox 1491 1600 1566 1640; x_wconf 85' lang='lat' dir='ltr'>lat.,</span> 
     </span>
     <span class='ocr_line' id='line_1_24' title="bbox 200 1656 489 1698; baseline 0.003 -11"><span class='ocrx_word' id='word_1_171' title='bbox 200 1656 312 1697; x_wconf 85' lang='lat' dir='ltr'>xxn,</span> <span class='ocrx_word' id='word_1_172' title='bbox 332 1667 358 1688; x_wconf 87' lang='lat' dir='ltr'>c.</span> <span class='ocrx_word' id='word_1_173' title='bbox 381 1657 489 1698; x_wconf 87' lang='lat'><strong>834)·]</strong></span> 
     </span>
    </p>
   </div>
   <div class='ocr_carea' id='block_1_6' title="bbox 200 1734 1394 1799">
    <p class='ocr_par' dir='ltr' id='par_1_9' title="bbox 200 1734 1394 1799">
     <span class='ocr_line' id='line_1_25' title="bbox 200 1734 1394 1799; baseline -0.001 -18"><span class='ocrx_word' id='word_1_174' title='bbox 200 1735 238 1781; x_wconf 90' lang='lat' dir='ltr'>S.</span> <span class='ocrx_word' id='word_1_175' title='bbox 265 1734 578 1793; x_wconf 81' lang='lat' dir='ltr'>EPIPHANms,</span> <span class='ocrx_word' id='word_1_176' title='bbox 606 1737 813 1799; x_wconf 81' lang='lat' dir='ltr'>episcopus</span> <span class='ocrx_word' id='word_1_177' title='bbox 836 1735 1061 1780; x_wconf 77' lang='lat' dir='ltr'>salamidis</span> <span class='ocrx_word' id='word_1_178' title='bbox 1086 1738 1125 1780; x_wconf 88' lang='lat' dir='ltr'>in</span> <span class='ocrx_word' id='word_1_179' title='bbox 1152 1736 1298 1795; x_wconf 81' lang='lat' dir='ltr'>Cypro.</span> <span class='ocrx_word' id='word_1_180' title='bbox 1315 1741 1394 1785; x_wconf 87' lang='lat'><strong>(89)</strong></span> 
     </span>
    </p>
   </div>
   <div class='ocr_carea' id='block_1_7' title="bbox 201 1813 1574 2505">
    <p class='ocr_par' dir='ltr' id='par_1_10' title="bbox 201 1813 1574 2505">
     <span class='ocr_line' id='line_1_26' title="bbox 257 1813 1570 1868; baseline -0.003 -12"><span class='ocrx_word' id='word_1_181' title='bbox 257 1833 273 1852; x_wconf 67' lang='lat'><strong>«</strong></span> <span class='ocrx_word' id='word_1_182' title='bbox 298 1816 389 1856; x_wconf 92' lang='lat' dir='ltr'>Nos</span> <span class='ocrx_word' id='word_1_183' title='bbox 415 1816 482 1855; x_wconf 90' lang='lat' dir='ltr'>hic</span> <span class='ocrx_word' id='word_1_184' title='bbox 509 1830 682 1867; x_wconf 90' lang='lat' dir='ltr'>eramus,</span> <span class='ocrx_word' id='word_1_185' title='bbox 707 1815 855 1855; x_wconf 69' lang='lat' dir='ltr'>cun8m</span> <span class='ocrx_word' id='word_1_186' title='bbox 880 1814 1081 1865; x_wconf 90' lang='lat' dir='ltr'>novimus,</span> <span class='ocrx_word' id='word_1_187' title='bbox 1109 1814 1272 1868; x_wconf 91' lang='lat' dir='ltr'>quando</span> <span class='ocrx_word' id='word_1_188' title='bbox 1300 1824 1440 1854; x_wconf 90' lang='lat' dir='ltr'>contra</span> <span class='ocrx_word' id='word_1_189' title='bbox 1469 1813 1570 1857; x_wconf 87' lang='lat' dir='ltr'>Ori-</span> 
     </span>
     <span class='ocr_line' id='line_1_27' title="bbox 201 1872 1570 1929; baseline -0.002 -15"><span class='ocrx_word' id='word_1_190' title='bbox 201 1888 347 1929; x_wconf 89' lang='lat' dir='ltr'>genem</span> <span class='ocrx_word' id='word_1_191' title='bbox 372 1875 413 1914; x_wconf 92' lang='lat' dir='ltr'>in</span> <span class='ocrx_word' id='word_1_192' title='bbox 434 1874 599 1915; x_wconf 87' lang='lat' dir='ltr'>ecclefia</span> <span class='ocrx_word' id='word_1_193' title='bbox 627 1885 695 1915; x_wconf 92' lang='lat' dir='ltr'>tua</span> <span class='ocrx_word' id='word_1_194' title='bbox 715 1888 817 1928; x_wconf 90' lang='lat' dir='ltr'>papa</span> <span class='ocrx_word' id='word_1_195' title='bbox 843 1872 1099 1927; x_wconf 87' lang='lat' dir='ltr'>Epiphanius</span> <span class='ocrx_word' id='word_1_196' title='bbox 1126 1873 1380 1927; x_wconf 89' lang='lat' dir='ltr'>loquebatur,</span> <span class='ocrx_word' id='word_1_197' title='bbox 1410 1872 1570 1926; x_wconf 89' lang='lat' dir='ltr'>quando</span> 
     </span>
     <span class='ocr_line' id='line_1_28' title="bbox 201 1931 1571 1986; baseline -0.001 -13"><span class='ocrx_word' id='word_1_198' title='bbox 201 1934 269 1973; x_wconf 92' lang='lat' dir='ltr'>sub</span> <span class='ocrx_word' id='word_1_199' title='bbox 290 1933 397 1974; x_wconf 90' lang='lat' dir='ltr'>illius</span> <span class='ocrx_word' id='word_1_200' title='bbox 425 1934 591 1974; x_wconf 90' lang='lat' dir='ltr'>nomine</span> <span class='ocrx_word' id='word_1_201' title='bbox 617 1934 657 1973; x_wconf 89' lang='lat' dir='ltr'>in</span> <span class='ocrx_word' id='word_1_202' title='bbox 678 1948 750 1973; x_wconf 91' lang='lat' dir='ltr'>vos</span> <span class='ocrx_word' id='word_1_203' title='bbox 772 1932 901 1972; x_wconf 90' lang='lat' dir='ltr'>iacula</span> <span class='ocrx_word' id='word_1_204' title='bbox 922 1933 1222 1986; x_wconf 88' lang='lat' dir='ltr'>torquebantur.</span> <span class='ocrx_word' id='word_1_205' title='bbox 1253 1932 1322 1971; x_wconf 91' lang='lat' dir='ltr'>Tu</span> <span class='ocrx_word' id='word_1_206' title='bbox 1356 1931 1394 1971; x_wconf 88' lang='lat'>&amp;</span> <span class='ocrx_word' id='word_1_207' title='bbox 1424 1932 1571 1971; x_wconf 90' lang='lat' dir='ltr'>chorus</span> 
     </span>
     <span class='ocr_line' id='line_1_29' title="bbox 201 1990 1571 2045; baseline -0.003 -12"><span class='ocrx_word' id='word_1_208' title='bbox 201 2004 305 2042; x_wconf 90' lang='lat' dir='ltr'>tuus,</span> <span class='ocrx_word' id='word_1_209' title='bbox 338 1993 484 2032; x_wconf 88' lang='lat' dir='ltr'>canino</span> <span class='ocrx_word' id='word_1_210' title='bbox 513 1993 627 2041; x_wconf 70' lang='grc' dir='ltr'>Γίἑὶιι,</span> <span class='ocrx_word' id='word_1_211' title='bbox 649 1992 885 2045; x_wconf 90' lang='lat' dir='ltr'>naribusque</span> <span class='ocrx_word' id='word_1_212' title='bbox 906 1992 1136 2042; x_wconf 62' lang='lat' dir='ltr'>contradus,</span> <span class='ocrx_word' id='word_1_213' title='bbox 1170 1990 1390 2044; x_wconf 85' lang='lat' dir='ltr'>scalpentes</span> <span class='ocrx_word' id='word_1_214' title='bbox 1426 1991 1571 2044; x_wconf 84' lang='lat' dir='ltr'>capita,</span> 
     </span>
     <span class='ocr_line' id='line_1_30' title="bbox 202 2049 1572 2104; baseline -0.003 -12"><span class='ocrx_word' id='word_1_215' title='bbox 202 2051 372 2092; x_wconf 85' lang='lat' dir='ltr'>delirum</span> <span class='ocrx_word' id='word_1_216' title='bbox 388 2051 520 2091; x_wconf 91' lang='lat' dir='ltr'>senem</span> <span class='ocrx_word' id='word_1_217' title='bbox 535 2052 698 2092; x_wconf 89' lang='lat' dir='ltr'>nutibus</span> <span class='ocrx_word' id='word_1_218' title='bbox 716 2051 1004 2104; x_wconf 88' lang='lat' dir='ltr'>loquebamini.</span> <span class='ocrx_word' id='word_1_219' title='bbox 1022 2050 1174 2091; x_wconf 89' lang='lat' dir='ltr'>Nonne</span> <span class='ocrx_word' id='word_1_220' title='bbox 1194 2061 1285 2090; x_wconf 88' lang='lat' dir='ltr'>ante</span> <span class='ocrx_word' id='word_1_221' title='bbox 1302 2049 1572 2102; x_wconf 87' lang='lat' dir='ltr'>Sepulchrum</span> 
     </span>
     <span class='ocr_line' id='line_1_31' title="bbox 203 2108 1570 2163; baseline -0.003 -12"><span class='ocrx_word' id='word_1_222' title='bbox 203 2110 391 2161; x_wconf 90' lang='lat' dir='ltr'>Domini,</span> <span class='ocrx_word' id='word_1_223' title='bbox 425 2109 539 2150; x_wconf 85' lang='lat' dir='ltr'>miffo</span> <span class='ocrx_word' id='word_1_224' title='bbox 572 2110 870 2160; x_wconf 90' lang='lat' dir='ltr'>archidiacono,</span> <span class='ocrx_word' id='word_1_225' title='bbox 891 2108 1131 2163; x_wconf 83' lang='lat' dir='ltr'>praecepisti,</span> <span class='ocrx_word' id='word_1_226' title='bbox 1167 2120 1209 2148; x_wconf 93' lang='lat' dir='ltr'>ut</span> <span class='ocrx_word' id='word_1_227' title='bbox 1237 2108 1332 2148; x_wconf 91' lang='lat' dir='ltr'>talia</span> <span class='ocrx_word' id='word_1_228' title='bbox 1367 2108 1570 2162; x_wconf 84' lang='lat' dir='ltr'>disputans</span> 
     </span>
     <span class='ocr_line' id='line_1_32' title="bbox 201 2166 1567 2220; baseline -0.002 -10"><span class='ocrx_word' id='word_1_229' title='bbox 201 2169 441 2210; x_wconf 90' lang='lat' dir='ltr'>contisceret</span> <span class='ocrx_word' id='word_1_230' title='bbox 456 2201 464 2209; x_wconf 92' lang='lat'><strong>.</strong></span> <span class='ocrx_word' id='word_1_231' title='bbox 482 2199 491 2209; x_wconf 88' lang='lat'><strong><em>.</em></strong></span> <span class='ocrx_word' id='word_1_232' title='bbox 508 2200 516 2209; x_wconf 90' lang='lat'>.</span> <span class='ocrx_word' id='word_1_233' title='bbox 534 2169 565 2209; x_wconf 88' lang='lat'>.?</span> <span class='ocrx_word' id='word_1_234' title='bbox 588 2170 741 2209; x_wconf 90' lang='lat' dir='ltr'>Nonne</span> <span class='ocrx_word' id='word_1_235' title='bbox 762 2183 857 2208; x_wconf 90' lang='lat' dir='ltr'>curn</span> <span class='ocrx_word' id='word_1_236' title='bbox 878 2170 926 2208; x_wconf 91' lang='lat' dir='ltr'>de</span> <span class='ocrx_word' id='word_1_237' title='bbox 948 2166 1126 2207; x_wconf 86' lang='lat' dir='ltr'>Anastafi</span> <span class='ocrx_word' id='word_1_238' title='bbox 1148 2168 1366 2220; x_wconf 81' lang='lat' dir='ltr'>pergeretis</span> <span class='ocrx_word' id='word_1_239' title='bbox 1389 2167 1435 2206; x_wconf 90' lang='lat' dir='ltr'>ad</span> <span class='ocrx_word' id='word_1_240' title='bbox 1460 2168 1567 2208; x_wconf 88' lang='lat' dir='ltr'>Cru-</span> 
     </span>
     <span class='ocr_line' id='line_1_33' title="bbox 204 2226 1571 2280; baseline -0.002 -12"><span class='ocrx_word' id='word_1_241' title='bbox 204 2242 307 2280; x_wconf 87' lang='lat' dir='ltr'>cem,</span> <span class='ocrx_word' id='word_1_242' title='bbox 335 2228 374 2268; x_wconf 89' lang='lat'>&amp;</span> <span class='ocrx_word' id='word_1_243' title='bbox 394 2230 441 2268; x_wconf 90' lang='lat' dir='ltr'>ad</span> <span class='ocrx_word' id='word_1_244' title='bbox 463 2242 556 2268; x_wconf 89' lang='lat' dir='ltr'>eum</span> <span class='ocrx_word' id='word_1_245' title='bbox 577 2229 709 2268; x_wconf 88' lang='lat' dir='ltr'>omnis</span> <span class='ocrx_word' id='word_1_246' title='bbox 729 2229 856 2268; x_wconf 89' lang='lat' dir='ltr'>aetatis</span> <span class='ocrx_word' id='word_1_247' title='bbox 877 2227 915 2267; x_wconf 86' lang='lat'>&amp;</span> <span class='ocrx_word' id='word_1_248' title='bbox 935 2227 1045 2266; x_wconf 88' lang='lat' dir='ltr'>sexus</span> <span class='ocrx_word' id='word_1_249' title='bbox 1067 2226 1181 2266; x_wconf 88' lang='lat' dir='ltr'>turba</span> <span class='ocrx_word' id='word_1_250' title='bbox 1207 2226 1444 2276; x_wconf 79' lang='lat' dir='ltr'>conflueret,</span> <span class='ocrx_word' id='word_1_251' title='bbox 1472 2226 1571 2266; x_wconf 90' lang='lat' dir='ltr'>offe-</span> 
     </span>
     <span class='ocr_line' id='line_1_34' title="bbox 205 2286 1573 2342; baseline -0.004 -14"><span class='ocrx_word' id='word_1_252' title='bbox 205 2302 296 2329; x_wconf 87' lang='lat' dir='ltr'>rens</span> <span class='ocrx_word' id='word_1_253' title='bbox 327 2288 530 2342; x_wconf 86' lang='lat' dir='ltr'>parvulos,</span> <span class='ocrx_word' id='word_1_254' title='bbox 560 2287 680 2341; x_wconf 90' lang='lat' dir='ltr'>pedes</span> <span class='ocrx_word' id='word_1_255' title='bbox 711 2287 958 2338; x_wconf 88' lang='lat' dir='ltr'>deosculans,</span> <span class='ocrx_word' id='word_1_256' title='bbox 992 2286 1170 2327; x_wconf 88' lang='lat' dir='ltr'>fimbrias</span> <span class='ocrx_word' id='word_1_257' title='bbox 1191 2286 1356 2337; x_wconf 90' lang='lat' dir='ltr'>vellens,</span> <span class='ocrx_word' id='word_1_258' title='bbox 1397 2299 1573 2338; x_wconf 87' lang='lat' dir='ltr'>cumque</span> 
     </span>
     <span class='ocr_line' id='line_1_35' title="bbox 204 2344 1573 2401; baseline -0.004 -13"><span class='ocrx_word' id='word_1_259' title='bbox 204 2362 287 2388; x_wconf 91' lang='lat' dir='ltr'>non</span> <span class='ocrx_word' id='word_1_260' title='bbox 309 2345 434 2401; x_wconf 76' lang='lat' dir='ltr'>posset</span> <span class='ocrx_word' id='word_1_261' title='bbox 456 2361 695 2400; x_wconf 90' lang='lat' dir='ltr'>promovere</span> <span class='ocrx_word' id='word_1_262' title='bbox 715 2347 897 2401; x_wconf 88' lang='lat' dir='ltr'>gradum,</span> <span class='ocrx_word' id='word_1_263' title='bbox 930 2346 993 2386; x_wconf 91' lang='lat' dir='ltr'>sed</span> <span class='ocrx_word' id='word_1_264' title='bbox 1023 2347 1062 2385; x_wconf 93' lang='lat' dir='ltr'>in</span> <span class='ocrx_word' id='word_1_265' title='bbox 1096 2361 1177 2385; x_wconf 90' lang='lat' dir='ltr'>uno</span> <span class='ocrx_word' id='word_1_266' title='bbox 1213 2346 1305 2386; x_wconf 93' lang='lat' dir='ltr'>loco</span> <span class='ocrx_word' id='word_1_267' title='bbox 1328 2346 1394 2384; x_wconf 87' lang='lat' dir='ltr'>vix</span> <span class='ocrx_word' id='word_1_268' title='bbox 1428 2344 1573 2383; x_wconf 59' lang='lat' dir='ltr'>fluetus</span> 
     </span>
     <span class='ocr_line' id='line_1_36' title="bbox 206 2402 1574 2459; baseline -0.003 -13"><span class='ocrx_word' id='word_1_269' title='bbox 206 2406 435 2447; x_wconf 88' lang='lat' dir='ltr'>inundantis</span> <span class='ocrx_word' id='word_1_270' title='bbox 457 2405 597 2459; x_wconf 90' lang='lat' dir='ltr'>populi</span> <span class='ocrx_word' id='word_1_271' title='bbox 620 2404 838 2457; x_wconf 84' lang='lat' dir='ltr'>sustineret,</span> <span class='ocrx_word' id='word_1_272' title='bbox 867 2417 922 2456; x_wconf 89' lang='lat' dir='ltr'>tu,</span> <span class='ocrx_word' id='word_1_273' title='bbox 943 2415 1068 2445; x_wconf 88' lang='lat' dir='ltr'>tortus</span> <span class='ocrx_word' id='word_1_274' title='bbox 1091 2405 1252 2455; x_wconf 82' lang='lat' dir='ltr'>invidia,</span> <span class='ocrx_word' id='word_1_275' title='bbox 1278 2403 1464 2444; x_wconf 88' lang='lat' dir='ltr'>adversus</span> <span class='ocrx_word' id='word_1_276' title='bbox 1485 2402 1574 2456; x_wconf 87' lang='lat' dir='ltr'>glo-</span> 
     </span>
     <span class='ocr_line' id='line_1_37' title="bbox 208 2464 828 2505; baseline -0.002 0"><span class='ocrx_word' id='word_1_277' title='bbox 208 2465 356 2505; x_wconf 90' lang='lat' dir='ltr'>riosum</span> <span class='ocrx_word' id='word_1_278' title='bbox 375 2464 508 2505; x_wconf 89' lang='lat' dir='ltr'>senem</span> <span class='ocrx_word' id='word_1_279' title='bbox 528 2464 785 2505; x_wconf 84' lang='lat' dir='ltr'>clamitabas?</span> <span class='ocrx_word' id='word_1_280' title='bbox 813 2482 828 2501; x_wconf 87' lang='lat'>»</span> 
     </span>
    </p>
   </div>
   <div class='ocr_carea' id='block_1_8' title="bbox 210 2536 1575 2636">
    <p class='ocr_par' dir='ltr' id='par_1_11' title="bbox 210 2536 1575 2636">
     <span class='ocr_line' id='line_1_38' title="bbox 301 2536 1575 2584; baseline -0.003 -12"><span class='ocrx_word' id='word_1_281' title='bbox 301 2540 348 2581; x_wconf 91' lang='lat' dir='ltr'>[S.</span> <span class='ocrx_word' id='word_1_282' title='bbox 370 2537 607 2584; x_wconf 81' lang='lat' dir='ltr'>Hieronymus,</span> <span class='ocrx_word' id='word_1_283' title='bbox 624 2537 720 2571; x_wconf 84' lang='lat' dir='ltr'>Liber</span> <span class='ocrx_word' id='word_1_284' title='bbox 736 2545 846 2572; x_wconf 86' lang='lat' dir='ltr'>contra</span> <span class='ocrx_word' id='word_1_285' title='bbox 864 2538 1034 2572; x_wconf 82' lang='lat' dir='ltr'>Iohannem</span> <span class='ocrx_word' id='word_1_286' title='bbox 1054 2536 1297 2580; x_wconf 49' lang='lat' dir='ltr'>Hierosolymis,</span> <span class='ocrx_word' id='word_1_287' title='bbox 1316 2547 1344 2570; x_wconf 79' lang='lat' dir='ltr'>c.</span> <span class='ocrx_word' id='word_1_288' title='bbox 1366 2549 1377 2568; x_wconf 81' lang='grc' dir='ltr'><strong>ι</strong></span> <span class='ocrx_word' id='word_1_289' title='bbox 1389 2548 1400 2568; x_wconf 95' lang='lat'>1</span> <span class='ocrx_word' id='word_1_290' title='bbox 1423 2536 1575 2580; x_wconf 88' lang='lat' dir='ltr'>(Migne,</span> 
     </span>
     <span class='ocr_line' id='line_1_39' title="bbox 210 2591 728 2636; baseline -0.006 -10"><span class='ocrx_word' id='word_1_291' title='bbox 210 2593 301 2626; x_wconf 85' lang='lat' dir='ltr'>Patr.</span> <span class='ocrx_word' id='word_1_292' title='bbox 323 2591 395 2633; x_wconf 55' lang='lat' dir='ltr'>lat„</span> <span class='ocrx_word' id='word_1_293' title='bbox 414 2592 546 2629; x_wconf 83' lang='lat' dir='ltr'>xxm,</span> <span class='ocrx_word' id='word_1_294' title='bbox 568 2602 595 2624; x_wconf 92' lang='lat' dir='ltr'>c.</span> <span class='ocrx_word' id='word_1_295' title='bbox 618 2591 728 2636; x_wconf 87' lang='lat'>363).]</span> 
     </span>
    </p>
   </div>
   <div class='ocr_carea' id='block_1_9' title="bbox 212 2659 1578 2776">
    <p class='ocr_par' dir='ltr' id='par_1_12' title="bbox 212 2659 1578 2776">
     <span class='ocr_line' id='line_1_40' title="bbox 267 2659 1576 2718; baseline -0.005 -15"><span class='ocrx_word' id='word_1_296' title='bbox 267 2681 282 2699; x_wconf 74' lang='lat'>«</span> <span class='ocrx_word' id='word_1_297' title='bbox 308 2663 542 2717; x_wconf 89' lang='lat' dir='ltr'>Antequam</span> <span class='ocrx_word' id='word_1_298' title='bbox 567 2662 722 2704; x_wconf 60' lang='lat' dir='ltr'>sandffls</span> <span class='ocrx_word' id='word_1_299' title='bbox 743 2662 997 2716; x_wconf 88' lang='lat' dir='ltr'>Epiphanius</span> <span class='ocrx_word' id='word_1_300' title='bbox 1018 2660 1184 2701; x_wconf 78' lang='lat' dir='ltr'>venisset</span> <span class='ocrx_word' id='word_1_301' title='bbox 1203 2660 1518 2718; x_wconf 83' lang='lat' dir='ltr'>Hierosolymam,</span> <span class='ocrx_word' id='word_1_302' title='bbox 1540 2659 1576 2697; x_wconf 58' lang='grc' dir='ltr'>ἓξ</span> 
     </span>
     <span class='ocr_line' id='line_1_41' title="bbox 212 2717 1578 2776; baseline -0.004 -13"><span class='ocrx_word' id='word_1_303' title='bbox 212 2736 283 2763; x_wconf 90' lang='lat' dir='ltr'>ore</span> <span class='ocrx_word' id='word_1_304' title='bbox 303 2722 467 2776; x_wconf 91' lang='lat' dir='ltr'>quidem</span> <span class='ocrx_word' id='word_1_305' title='bbox 489 2722 527 2763; x_wconf 86' lang='lat'>&amp;</span> <span class='ocrx_word' id='word_1_306' title='bbox 548 2721 684 2762; x_wconf 90' lang='lat' dir='ltr'>osculo</span> <span class='ocrx_word' id='word_1_307' title='bbox 705 2723 778 2763; x_wconf 89' lang='lat' dir='ltr'>tibi</span> <span class='ocrx_word' id='word_1_308' title='bbox 800 2736 943 2776; x_wconf 90' lang='lat' dir='ltr'>pacem</span> <span class='ocrx_word' id='word_1_309' title='bbox 964 2722 1090 2773; x_wconf 85' lang='lat' dir='ltr'>daret,</span> <span class='ocrx_word' id='word_1_310' title='bbox 1125 2719 1229 2760; x_wconf 87' lang='lat' dir='ltr'>mala</span> <span class='ocrx_word' id='word_1_311' title='bbox 1248 2730 1382 2759; x_wconf 89' lang='lat' dir='ltr'>autem</span> <span class='ocrx_word' id='word_1_312' title='bbox 1404 2719 1440 2758; x_wconf 82' lang='lat'>&amp;</span> <span class='ocrx_word' id='word_1_313' title='bbox 1463 2717 1578 2758; x_wconf 94' lang='lat' dir='ltr'>dolos</span> 
     </span>
    </p>
   </div>
  </div>
 </body>
</html>
