2131 3552
800 243 939 306 (518)
1468 263 1551 312 199

192 390 230 429 in
253 391 315 430 via
331 389 573 441 obfisterent,
594 406 674 430 non
687 401 843 431 tantum
861 391 983 444 spolia
996 393 1072 434 illis
1087 394 1250 447 pacifice
1264 397 1556 448 concedebant,

191 447 252 488 sed
271 446 295 487 si
314 450 407 502 quid
429 452 570 502 praedae
588 448 656 503 ipsi
675 450 932 490 immemores
955 451 1241 505 relinquerent,
1263 456 1554 507 praedatoribus

191 507 303 547 hilari
324 508 435 548 vultu
453 509 718 562 porrigebant.
736 506 797 547 Illi
816 520 949 548 autem
964 510 1144 551 videntes
1162 511 1387 551 san&orum
1406 514 1553 553 bonam

191 563 498 619 slmplicitatem,
515 567 672 606 veniam
691 566 950 620 supplicando
963 568 1280 621 commifforum,
1298 586 1377 611 non
1396 583 1550 612 tantum

190 626 407 666 reddebant
423 628 478 666 eis
496 626 572 676 sua,
593 626 653 665 sed
672 640 740 666 eos
758 628 1040 667 conducebant
1056 629 1274 681 usquedum
1299 632 1556 682 pervenirent

188 685 235 723 ad
258 695 354 724 tuta.
385 685 674 726 Consummato
697 685 857 724 tandem
881 687 1032 727 itineris
1050 687 1175 738 cursu,
1193 687 1446 743 lerosolimam
1464 705 1554 742 per-

188 755 392 784 venerunt.
436 742 600 799 Quibus
632 745 836 783 civitatem
867 745 1181 796 introeuntibus,
1215 749 1392 788 occurrit
1421 750 1553 789 omnis

189 802 361 854 populus
385 801 585 855 psallendo
604 804 640 841 in
659 803 825 843 canticis
842 803 879 842 &
896 804 1054 857 hymnis
1072 804 1185 857 super
1200 806 1373 845 adventu
1392 822 1553 857 eorum3

187 859 225 899 &
247 861 299 900 ita
319 875 411 900 cum
432 860 580 899 celebri
603 875 752 914 pompa
772 862 962 900 conducti
985 861 1071 902 sunt
1094 863 1130 902 in
1149 864 1346 917 templum
1366 865 1552 907 Domini.

188 918 276 973 Qui
306 920 489 972 quamvis
525 930 636 958 tanto
676 920 817 959 itinere
845 920 1048 973 defatigati
1088 920 1265 972 fuiffent,
1300 937 1381 962 non
1414 924 1553 965 mollia

186 977 301 1017 strata
321 977 558 1030 quaesierunt
585 978 650 1017 ubi
681 978 943 1032 quiescerent,
973 979 1034 1018 sed
1064 980 1102 1019 in
1132 981 1242 1020 nudo
1276 982 1414 1035 templi
1438 985 1549 1036 pavi-

185 1047 323 1075 mento
359 1035 561 1089 prostrati,
595 1037 725 1076 triduo
757 1051 895 1089 preces
931 1037 1014 1078 suas
1048 1039 1408 1091 continuaverunt,
1447 1044 1548 1082 adeo

184 1095 360 1136 coelestia
385 1096 705 1148 contemplantes
732 1098 840 1149 quod
870 1109 1119 1136 terrenorum
1150 1099 1308 1150 penitus
1329 1098 1452 1140 effent
1474 1101 1549 1140 im-

184 1168 394 1194 memores.
426 1152 584 1194 Interea
611 1166 718 1195 totus
740 1155 870 1196 clerus
892 1167 1042 1195 attente
1062 1157 1312 1209 expediabat,
1341 1160 1408 1212 qui
1439 1159 1549 1200 sanc-

184 1224 316 1253 torum
339 1227 459 1267 quam
488 1213 619 1252 sedem
641 1215 824 1254 oratione
850 1214 961 1254 finita
986 1213 1053 1254 fibi
1076 1215 1282 1268 eligerent,
1313 1229 1355 1256 ut
1376 1219 1415 1256 in
1437 1218 1545 1258 elec—

183 1272 292 1312 tione
314 1271 464 1312 sedium
485 1283 682 1323 notarent,
704 1271 801 1312 sicut
821 1273 980 1314 coelitus
1002 1287 1070 1326 per
1091 1274 1297 1327 Angelum
1319 1278 1544 1328 praemoniti

182 1331 351 1381 fuerant,
372 1345 493 1384 quem
514 1330 675 1370 illorum
696 1333 848 1372 caeteris
871 1333 1080 1385 praelatum
1101 1332 1402 1374 constituerent.

238 1407 253 1426 «
279 1389 405 1429 Erant
436 1390 474 1428 in
507 1390 659 1442 templo
682 1390 729 1429 ab
756 1392 930 1443 antiquis
960 1391 1208 1443 temporibus
1240 1402 1319 1432 tres
1346 1395 1548 1436 cathedrae

182 1448 398 1488 senioribus
419 1449 656 1488 constitutae.
688 1448 794 1488 Duae
815 1449 972 1490 diverfis
996 1449 1167 1490 metallis
1189 1450 1227 1490 &
1248 1451 1349 1490 miro
1372 1453 1545 1494 artificio

182 1507 395 1557 fabricatae,
411 1507 524 1546 tertia
539 1508 703 1546 cedrina
716 1507 817 1546 nihil
834 1507 962 1547 ornati
978 1507 1128 1548 habens
1144 1509 1387 1550 extrinsecus
1401 1523 1546 1563 praeter

181 1567 259 1605 hoc
272 1566 380 1619 quod
393 1576 533 1604 natura
545 1565 719 1605 dederat.
743 1565 884 1621 Quam
900 1566 1096 1605 humilem
1113 1567 1276 1607 humilis
1289 1567 1410 1608 Eliud
1425 1570 1547 1625 elegit

181 1623 249 1664 fibi
272 1626 311 1664 in
332 1624 477 1675 sedem,
504 1623 764 1677 preciofiores
785 1625 1014 1664 concedens
1040 1625 1226 1666 fratribus
1249 1638 1411 1680 propter
1431 1642 1544 1669 reve-

180 1683 359 1722 rentiam.
384 1682 484 1738 Quo
501 1683 582 1722 viso
604 1698 744 1723 omnes
765 1683 821 1722 illi
840 1683 907 1737 qui
925 1683 1090 1723 aderant
1105 1684 1340 1724 ceciderunt
1360 1686 1399 1725 in
1422 1687 1542 1729 facies

181 1740 263 1781 suas
277 1752 366 1782 ante
379 1742 556 1781 {andium
570 1741 707 1793 Eliud,
719 1742 914 1782 dicentes:
935 1759 950 1779 «
967 1741 1094 1793 Salve,
1107 1742 1238 1782 san&e
1252 1742 1332 1782 Dei
1346 1744 1545 1798 Teliawe,

182 1816 198 1836 «
219 1800 257 1840 &
269 1801 449 1840 concede
463 1812 505 1841 ut
516 1801 675 1841 valeant
686 1801 803 1841 nobis
817 1813 894 1841 tuae
911 1815 1049 1854 preces
1068 1803 1170 1854 apud
1185 1801 1434 1852 Dominum3
1452 1805 1545 1858 quia

182 1876 198 1896 «
218 1859 339 1899 hodie
357 1874 437 1912 prae
453 1860 605 1900 caeteris
622 1859 853 1900 sublimatus
869 1875 910 1900 es
926 1861 1195 1902 confratribus
1212 1863 1302 1913 tuis,
1315 1860 1487 1903 refidens
1505 1863 1544 1902 in

183 1935 198 1956 «
219 1918 306 1957 sede
321 1918 489 1958 Domini
503 1918 623 1958 nostri
640 1917 724 1958 lesu
738 1919 898 1969 Christi,
914 1920 953 1958 in
966 1933 1045 1973 qua
1057 1921 1237 1973 patribus
1248 1921 1389 1961 nostris
1402 1922 1545 1974 praedi-

182 1994 197 2014 «
219 1977 333 2016 cabat
348 1991 514 2030 regnum
529 1977 622 2016 Dei.
640 1994 654 2013 »
675 1976 981 2031 Etrogaverunt
993 1993 1099 2029 eum,
1111 1980 1299 2032 quatinus
1313 1981 1360 2018 ad
1378 1980 1545 2019 instruc-

179 2038 331 2076 tionem
358 2036 551 2075 virtutum
584 2036 816 2088 parabolam
845 2037 900 2076 eis
922 2037 1073 2076 diceret
1094 2037 1142 2076 de
1165 2037 1346 2087 Christo3
1376 2048 1420 2078 ut
1445 2037 1544 2078 ficut

178 2095 292 2134 illum
306 2095 483 2134 imitatus
500 2095 628 2134 fuerat
644 2095 683 2133 in
701 2095 890 2134 cathedra
901 2092 1122 2145 residendo,
1133 2096 1307 2135 eundem
1319 2097 1544 2136 imitaretur

178 2153 217 2191 in
245 2153 517 2205 praedicando.
550 2151 639 2207 Qui
663 2153 803 2193 videns
824 2167 1005 2192 amorem
1027 2154 1150 2193 divini
1172 2155 1282 2194 verbi
1308 2154 1474 2207 flagrare
1501 2156 1541 2194 in

176 2212 365 2252 cordibus
382 2225 534 2262 eorum,
556 2212 659 2251 miro
687 2213 810 2251 modo
832 2211 1132 2262 sollicitabatur,
1152 2227 1234 2252 non
1251 2213 1359 2266 quod
1378 2213 1544 2254 nesciret

176 2271 285 2323 quod
308 2270 486 2320 doceret,
506 2268 568 2309 sed
591 2269 799 2309 dubitabat
819 2270 927 2323 quod
949 2282 1186 2323 rogaverant
1206 2271 1376 2324 qualiter
1395 2272 1451 2311 eis
1472 2286 1541 2311 ex-

176 2328 344 2380 pediret,
371 2343 465 2367 cum
493 2327 639 2381 linguae
667 2327 830 2367 illorum
851 2329 1010 2381 penitus
1031 2342 1173 2381 expers
1193 2328 1334 2369 fuiffet.
1364 2327 1542 2383 Incoepit

178 2397 311 2426 tamen
333 2387 487 2426 sanetus
510 2386 633 2427 sacras
655 2386 874 2440 Scripturas
896 2401 1113 2440 exponere,
1134 2397 1177 2427 ut
1198 2386 1432 2428 satisfaceret
1453 2389 1542 2442 sup-

176 2445 341 2498 plicanti
363 2444 538 2498 popul03
560 2447 613 2485 ita
633 2456 676 2485 ut
693 2445 957 2500 unusquisque
973 2445 1339 2486 circumastantium
1356 2448 1542 2488 audirent

176 2503 289 2543 illum
307 2504 372 2543 sua
386 2503 523 2557 lingua
539 2503 786 2557 loquentem.
809 2504 970 2545 Omnes
985 2515 1119 2544 autem
1133 2506 1200 2558 qui
1219 2519 1312 2544 eum
1326 2506 1543 2547 audiebant

176 2563 472 2615 praedicantem,
487 2573 595 2602 tanta
611 2563 824 2602 dulcedine
842 2563 1032 2603 sermonis
1048 2563 1154 2603 illius
1172 2562 1259 2603 sunt
1270 2563 1414 2615 affeffi,
1430 2566 1539 2618 quod

174 2621 213 2660 in
227 2632 422 2673 quantum
434 2635 527 2660 eum
542 2622 691 2661 diutius
704 2621 901 2672 audirent,
917 2622 1042 2674 magis
1056 2621 1257 2675 magisque
1274 2621 1388 2661 illum
1405 2624 1541 2663 audire

175 2678 452 2719 defiderarent.
482 2679 556 2719 Sed
575 2680 737 2719 tandem
753 2679 964 2734 postquam
981 2680 1118 2720 refecffi
1136 2679 1222 2720 sunt
1238 2679 1410 2720 univerfi
1427 2681 1541 2734 sapo-

174 2738 291 2778 rifera
309 2737 414 2778 illius
432 2737 630 2789 doE'trina,
650 2752 700 2778 ne
722 2739 964 2792 praedicandi
980 2739 1160 2779 officium
1174 2739 1377 2779 videretur
1397 2740 1541 2793 praesu-
