2131 3552
598 215 660 262 72
1207 198 1348 264 (380)

423 381 460 411 c,
487 363 580 428 380
602 360 857 406 ALBIANUS
875 363 1103 417 monachus,
1123 378 1169 404 ex
1191 363 1359 419 cAncyra
1384 360 1568 404 Galatioe.
1595 367 1675 411 (69)

696 445 739 487 [S.
759 444 865 486 Nilus,
886 445 1003 479 Oratio
1020 444 1053 478 in
1070 443 1246 478 Albianum
1265 443 1418 488 (Migne‚
1439 444 1529 476 Patr.
1542 454 1612 487 gr„
1635 442 1795 484 LXXIX,
1813 453 1842 475 c.
1862 441 1971 486 703).]

649 503 722 547 (Cf.
740 502 866 537 Itinera
879 514 1006 547 graeca,
1024 501 1072 547 1.)

426 594 462 624 c.
489 579 581 641 380
602 579 897 639 PYNUPHIUS‚
921 580 1042 624 abbas
1064 581 1105 624 z'n
1133 581 1337 640 eAEgypto
1356 577 1396 623 δ’
1415 579 1573 637 quidam
1587 580 1748 637 fratres
1775 595 1820 621 ex
1837 579 1971 622 eadem

600 654 778 712 regione.
810 658 891 702 (70)

658 753 674 774 α
695 737 778 777 Ubi
799 736 853 790 [in
875 735 1115 775 monasterio
1137 734 1204 774 suo
1226 735 1335 788 quod
1358 734 1413 774 est
1435 734 1473 773 in
1491 733 1687 787 AEgypto,
1708 748 1789 774 non
1813 733 1931 788 longe
1951 749 1974 774 a

604 794 823 848 Panephyfi
843 794 1020 847 civitate]
1043 808 1137 833 cum
1164 791 1293 833 fuiffet
1315 792 1580 846 [Pynuphius]
1604 793 1768 832 modico
1791 803 1973 846 tempore

603 855 848 905 demoratus,
881 854 1026 894 eodem
1054 852 1182 892 rursus
1202 851 1441 891 humilitatis
1462 849 1658 892 defiderio
1692 862 1811 905 atque
1831 853 1973 892 ardore

604 912 822 963 succensus,
849 922 1013 964 captans
1041 911 1241 951 nocturna
1260 908 1428 960 silentia,
1449 910 1502 950 ita
1522 909 1692 964 diffugit,
1713 921 1757 951 ut
1779 911 1857 950 iam
1880 925 1973 964 pro-

602 972 777 1012 vinciam
797 985 880 1011 non
906 970 1084 1010 vicinam
1112 970 1174 1009 sed
1205 969 1361 1022 ignotas
1387 968 1426 1008 &
1447 967 1594 1008 alienas
1616 968 1818 1022 longeque
1835 968 1975 1009 divisas

604 1031 789 1083 regiones
820 1039 1040 1083 expeteret.
1075 1028 1184 1068 Nam
1216 1026 1490 1067 conscendens
1519 1040 1664 1066 navem
1691 1027 1731 1066 in
1760 1026 1976 1082 Palaestinae

605 1099 737 1142 partes
757 1100 987 1128 commeare
1007 1087 1176 1137 curavit,
1201 1086 1368 1126 credens
1389 1084 1425 1124 se
1446 1085 1569 1125 tutius
1589 1084 1854 1137 latitaturum,
1883 1086 1909 1126 fi
1927 1086 1974 1126 ad

605 1147 672 1188 illa
694 1146 946 1199 semetipsum
968 1143 1195 1199 asportasset
1215 1144 1318 1195 loca,
1341 1145 1379 1184 in
1401 1144 1547 1197 quibus
1567 1157 1617 1183 ne
1637 1158 1789 1183 nomen
1810 1144 1975 1198 quidem

605 1206 717 1246 suum
738 1204 869 1245 fuiss'et
888 1205 1084 1244 auditum.
1115 1202 1217 1260 Quo
1240 1218 1333 1243 cum
1355 1200 1585 1252 advenisset,
1618 1202 1799 1243 nostrum
1820 1204 1978 1244 monas-

606 1265 753 1305 terium
788 1264 972 1317 protinus
1006 1263 1215 1315 expetivit,
1245 1261 1353 1316 quod
1391 1275 1474 1300 non
1504 1259 1624 1314 longe
1659 1261 1733 1300 fuit
1766 1276 1788 1301 a
1821 1260 1979 1315 spelaeo,

606 1324 645 1363 in
667 1337 748 1376 quo
767 1321 975 1362 Dominus
991 1319 1124 1361 noster
1142 1319 1250 1360 Iesus
1267 1318 1451 1361 Christus
1471 1332 1521 1358 ex
1537 1318 1692 1373 virgine
1713 1318 1817 1359 nasci
1839 1320 1980 1373 digna-

605 1390 668 1421 tus
701 1380 767 1420 est.
798 1378 845 1419 In
875 1395 957 1433 quo
994 1379 1232 1433 permodico
1264 1389 1445 1431 tempore
1479 1376 1728 1428 delitescens,
1761 1377 1980 1417 secundum

606 1437 843 1478 sententiam
866 1437 1039 1478 Domini
1063 1437 1213 1483 (Math.
1236 1437 1305 1488 V),
1334 1446 1526 1489 tanquam
1556 1436 1697 1476 civitas
1726 1435 1841 1489 super
1862 1449 1980 1475 mon-

606 1507 688 1537 tem
711 1495 849 1550 pofita,
870 1497 1020 1536 diutius
1041 1495 1228 1536 abscondi
1250 1509 1334 1535 non
1358 1494 1503 1548 potuit.
1539 1493 1649 1534 Nam
1670 1494 1866 1534 continuo
1888 1494 1979 1548 qui-

605 1556 698 1595 dam
722 1556 899 1606 fratrum,
929 1556 996 1609 qui
1026 1555 1073 1594 ad
1107 1555 1184 1594 loca
1193 1555 1335 1612 sanda
1355 1553 1404 1593 de
1424 1552 1570 1607 AEgypti
1589 1553 1767 1606 partibus
1787 1553 1981 1593 orationis

606 1614 719 1655 causa
734 1624 1024 1665 convenerant,
1044 1614 1226 1667 agnitum
1243 1627 1336 1652 eum
1357 1612 1510 1652 summa
1530 1611 1566 1650 vi
1586 1625 1755 1664 precum
1774 1612 1822 1652 ad
1839 1625 1982 1653 coeno—

606 1673 719 1713 bium
741 1673 854 1713 suum
875 1683 1130 1713 revocarunt.
1150 1689 1166 1709 ›>
1407 1678 1409 1680 '

692 1733 880 1783 {Iohannes
899 1740 1079 1783 Caffianus,
1099 1741 1149 1773 De
1166 1739 1380 1773 coenobiorum
1399 1738 1560 1781 institutis,
1587 1738 1608 1772 l.
1626 1739 1687 1780 IV,
1710 1749 1738 1771 c.
1761 1748 1798 1779 31
1824 1737 1980 1782 (Migne,

608 1795 702 1827 Patr.
725 1793 794 1837 lat„
813 1795 941 1835 XLIX,
959 1804 990 1827 c.
1012 1794 1113 1836 192).]

666 1884 681 1905 <³
707 1868 771 1907 Ac
793 1867 928 1907 furtim
953 1867 1168 1907 ascendens
1202 1881 1360 1917 navem,
1388 1867 1435 1906 ad
1469 1866 1710 1919 Palaestinam
1739 1865 1855 1920 Syriae
1885 1880 1980 1919 pro-

614 1926 789 1966 vinciam
810 1926 1068 1965 transmeavit
1102 1924 1383 1979 [Pynuphius],
1417 1925 1484 1965 ubi
1506 1925 1616 1964 velut
1646 1924 1843 1977 incipiens
1863 1934 1984 1978 atque

615 1986 794 2026 novitius
815 1986 855 2024 in
878 1984 963 2035 illo,
992 1985 1028 2023 in
1058 1999 1139 2038 quo
1166 1999 1240 2024 nos
1269 1983 1527 2037 degebamus,
1554 1983 1781 2037 monasterij
1799 1994 1984 2036 receptus

616 2044 862 2094 habitaculo,
895 2044 934 2083 in
966 2043 1096 2083 nostra
1127 2042 1273 2083 cellula
1303 2043 1351 2082 ab
1379 2043 1522 2083 abbate
1547 2054 1773 2097 praeceptus
1794 2042 1850 2083 est
1868 2056 1984 2082 corn-

616 2117 790 2143 manere.
816 2120 831 2138 »

711 2168 890 2213 [Iohannes
907 2169 1092 2210 Caffianus,
1108 2169 1306 2211 Collationes‚
1319 2171 1400 2212 ΧΧ,
1420 2180 1450 2202 c.
1473 2181 1482 2200 1
1506 2169 1655 2213 (Migne,
1673 2170 1762 2202 Patr.
1777 2168 1846 2211 lat.‚
1860 2169 1986 2209 XLIX,

616 2234 643 2256 c.
668 2222 802 2268 ¹¹50)·]

438 2322 477 2351 c.
505 2305 596 2369 380
616 2304 655 2349 S.
685 2304 986 2360 CAPRASIUS,
1019 2308 1180 2366 primus
1206 2307 1326 2350 abbas
1351 2307 1579 2368 Lerinenfis,
1603 2317 1638 2349 S.
1665 2303 1989 2350 HONORATUS

616 2377 853 2438 Lerinenfis,
900 2379 1038 2436 postea
1085 2377 1337 2439 0⁴1relatenfis
1385 2377 1603 2438 episcopus,
1643 2378 1854 2435 fraterque
1904 2378 1989 2420 eius

616 2458 651 2490 S.
678 2446 994 2503 VENANTIUS,
1026 2449 1095 2505 qui
1118 2446 1272 2504 decqffit
1296 2449 1335 2490 in
1361 2450 1516 2492 itinere.
1556 2454 1635 2497 (71)

675 2543 689 2563 «
706 2523 867 2566 Interea
887 2526 971 2566 eius
989 2525 1217 2579 magisterio
1240 2525 1275 2565 se
1294 2525 1466 2565 subdidit
1487 2525 1554 2566 ille
1575 2525 1723 2567 Christi
1741 2524 1892 2578 praesul,
1911 2525 1990 2564 vir-

618 2596 716 2636 tute,
746 2584 969 2624 sacerdotio
991 2584 1029 2624 &
1049 2585 1216 2624 nomine
1237 2584 1489 2635 Honoratus,
1510 2583 1739 2625 Lerinenfis
1763 2583 1987 2637 monasterij

618 2655 742 2699 pater,
769 2645 837 2697 qui
856 2643 1114 2697 postmodum
1133 2643 1354 2683 Arelatenfi
1376 2644 1549 2684 ecclefiae
1576 2643 1734 2697 praefuit
1758 2641 1988 2696 episcopus:

618 2703 682 2743 cui
708 2702 831 2742 etiam
849 2699 1012 2742 adhaefit
1027 2699 1299 2755 pretiofiffima
1320 2700 1388 2741 illa
1402 2715 1577 2755 gemma,
1598 2702 1757 2742 interno
1779 2700 1990 2754 splendore
