2131 3552
587 202 672 251 154
1187 191 1326 252 (439)

578 358 609 390 p.
631 347 732 390 585),
761 347 891 380 Simeon
923 347 1178 391 Metaphrastes,
1207 347 1282 381 Vita
1299 347 1332 391 s
1355 347 1520 386 Melaniae,
1552 359 1578 381 c.
1605 360 1641 389 31
1667 348 1819 392 (Migne,
1844 350 1935 382 Patr.

571 411 645 443 gr„
671 401 792 442 CXVI,
830 412 856 433 c.
883 400 991 443 788);
1025 399 1165 444 GlycaS‚
1194 401 1346 442 Annales,
1374 412 1446 445 pars
1466 402 1512 433 IV
1543 401 1606 443 (ed.
1629 403 1754 441 Bonn.,
1783 413 1812 446 p.
1836 403 1936 445 484);

577 454 738 494 Zonaras,
766 453 908 486 Annales
934 452 1004 496 (ed.
1027 454 1070 485 H.
1090 452 1247 495 Valefius,
1275 453 1382 494 Bam„
1408 461 1432 486 t.
1462 455 1520 495 III,
1548 465 1578 497 p.
1603 454 1685 497 37);
1717 454 1939 498 Ephraemius‚

576 507 809 549 Imperatorum
830 504 1149 548 &patriarcharum
1166 505 1325 549 recensus,
1346 518 1377 539 v.
1402 518 1551 549 715-720
1572 506 1641 550 (ed.
1665 508 1790 548 Bonn.,
1808 520 1839 552 p.
1861 510 1937 550 38),

576 558 781 603 Nicephorus
801 558 963 599 Callistus,
985 557 1063 601 Hist.
1086 557 1207 601 eccles,
1225 558 1244 592 l.
1264 561 1355 600 XIV,
1373 570 1421 592 cc.
1442 571 1497 600 23,
1519 572 1559 601 50
1580 559 1728 604 (Migne,
1759 562 1849 594 Patr.
1865 572 1938 604 gr„

576 612 733 652 CXLVI,
752 622 800 644 cc.
822 623 921 653 1129,
943 612 1043 653 1233)
1062 612 1092 644 δε
1108 611 1232 644 Itinera
1245 623 1371 655 graeca,
1388 612 1436 656 Ι.)

461 714 555 765 439
577 698 754 744 ³‘¹‘lUDAEI
770 698 1073 754 CRETENSES,
1095 701 1413 760 Hierosolymam
1424 701 1528 760 pede
1540 705 1644 761 sicco
1665 719 1838 745 remeare
1854 718 1938 746 ten-

573 786 712 815 tantes.
750 777 783 822 (1
794 779 852 821 87)

630 861 646 881 «
672 844 764 884 Hoc
786 845 906 885 etiam
927 854 1124 897 tempore,
1158 843 1340 884 diabolus
1362 845 1402 882 in
1422 843 1550 896 specie
1572 843 1708 898 Moysi
1730 844 1875 886 Iudaeis
1897 847 1936 887 in

575 902 688 943 Creta
723 917 928 956 apparens,
962 904 1058 943 dum
1093 917 1161 943 eos
1198 917 1268 956 per
1302 917 1411 943 mare
1446 903 1546 955 pede
1576 901 1679 943 ficco
1714 906 1760 944 ad
1792 916 1937 945 terram

574 962 884 1014 repromissionis
907 963 1108 1016 promittit
1138 962 1372 1015 perducere,
1394 962 1576 1014 plurimis
1592 964 1758 1014 necatis,
1779 965 1937 1018 reliqui,

573 1021 638 1072 qui
663 1020 794 1061 salvati
818 1022 916 1071 sunt,
935 1021 1145 1061 confestim
1168 1022 1215 1060 ad
1239 1020 1386 1061 Christi
1407 1021 1575 1073 gratiam
1596 1033 1897 1063 convertuntur.
1917 1040 1933 1060 »

665 1092 819 1137 [Isidorus
841 1092 977 1138 Hispal„
997 1094 1183 1135 Chronicon,
1213 1105 1240 1126 c.
1264 1105 1325 1135 109
1359 1092 1511 1137 (Migne‚
1541 1095 1631 1126 Patr,
1649 1093 1719 1135 lat„
1739 1096 1934 1140 LXXXIII,

571 1157 598 1178 c.
623 1146 756 1191 1052).]

627 1239 642 1258 «
669 1222 789 1262 Circa
818 1222 958 1261 eadem
989 1232 1170 1274 tempora
1205 1221 1321 1260 multi
1350 1220 1580 1261 ludaeorum
1611 1222 1649 1261 in
1672 1222 1785 1263 Creta
1816 1223 1937 1263 chris-

572 1281 667 1320 tiani
680 1281 767 1320 sunt
783 1281 877 1320 facti
890 1291 1055 1334 propter
1069 1281 1187 1320 huius
1204 1280 1313 1319 modi
1333 1280 1559 1333 paffionem.
1577 1280 1760 1337 Quidam
1777 1280 1935 1324 Iudaeus

570 1339 686 1379 finxit
723 1339 976 1393 semetipsum
1020 1338 1095 1379 effe
1141 1339 1313 1393 Moysen
1349 1338 1387 1379 &
1422 1338 1575 1379 caelitus
1619 1340 1860 1380 destinatum
1894 1353 1937 1382 ut

571 1396 729 1439 Iudaeos
759 1398 868 1438 illam
889 1398 1057 1438 insulam
1083 1398 1307 1438 habitantes
1328 1412 1398 1450 per
1420 1412 1529 1438 mare
1551 1398 1782 1451 deduceret,
1809 1400 1936 1454 ipsum

571 1457 607 1497 se
627 1455 703 1497 effe
730 1458 866 1498 dicens
899 1459 967 1511 qui
998 1457 1097 1497 olim
1125 1456 1229 1497 filios
1256 1455 1374 1496 Israel
1403 1472 1473 1510 per
1493 1457 1670 1497 Rubrum
1691 1474 1796 1499 mare
1816 1459 1938 1500 salva-

571 1527 692 1556 verat.
728 1516 937 1557 Circuibat
967 1517 1100 1570 itaque
1130 1527 1216 1556 toto
1247 1530 1351 1555 anno
1380 1530 1709 1570 unamquamque
1743 1517 1849 1558 illius
1875 1519 1936 1558 in-

570 1573 661 1614 sulae
687 1575 891 1614 civitatem
912 1574 1179 1629 suadebatque
1200 1573 1344 1615 Iudaeis
1375 1585 1419 1614 ut
1447 1575 1670 1626 crederent,
1704 1590 1872 1615 monens
1893 1586 1938 1615 ut

569 1648 709 1674 omnes
731 1634 920 1687 pecunias
941 1644 1061 1688 atque
1083 1632 1334 1687 possessiones
1354 1633 1639 1688 relinquerent,
1673 1648 1767 1674 cum
1797 1635 1935 1687 utique

570 1692 731 1732 deduE'ti
760 1705 829 1745 per
856 1691 1004 1732 ficcum
1031 1707 1141 1732 mare
1168 1693 1215 1732 ad
1244 1692 1557 1745 repromissionis
1587 1693 1732 1746 gaudia
1752 1694 1936 1746 perveni-

568 1760 667 1790 rent.
700 1751 756 1790 At
777 1750 832 1790 illi
855 1752 928 1791 hac
948 1750 1013 1804 spe
1033 1751 1141 1804 capti
1163 1764 1284 1790 omne
1305 1765 1407 1804 opus
1429 1751 1637 1804 proprium
1657 1751 1936 1805 neglegebant,

568 1819 877 1850 contemnentes
905 1809 1026 1849 etiam
1048 1808 1300 1862 poffeffiones
1329 1809 1412 1850 suas
1433 1809 1471 1849 &
1492 1810 1740 1850 dimittentes
1762 1825 1826 1851 eas
1847 1811 1936 1864 qui-

568 1867 813 1922 buscumque
845 1868 1031 1921 personis.
1067 1868 1257 1922 Cumque
1287 1867 1452 1908 venisset
1488 1869 1571 1910 dies
1606 1883 1727 1923 quarn
1760 1869 1937 1923 defigna-

572 1937 683 1967 verat
698 1927 882 1967 seduE'cor
902 1927 969 1967 ille
985 1925 1157 1978 Iudaeus,
1176 1941 1225 1967 eo
1243 1927 1493 1980 praecedente
1513 1927 1778 1982 sequebantur
1795 1942 1936 1968 omnes

571 2000 663 2025 cum
685 1986 925 2040 coniugibus
943 1986 981 2026 &
999 1987 1128 2039 parvis
1148 1986 1344 2037 aetatibus,
1370 1986 1616 2040 deduxitque
1637 2002 1706 2028 eos
1734 1988 1780 2027 ad
1809 2001 1936 2041 quan-

570 2044 662 2084 dam
692 2058 834 2098 rupem
865 2045 1060 2085 declivius
1096 2045 1396 2085 incumbentem
1440 2045 1621 2099 iuffitque
1655 2056 1699 2086 ut
1727 2060 1934 2086 comarum

569 2102 768 2143 schemate
791 2102 1017 2157 semetipsos
1046 2103 1313 2143 involverent.
1342 2104 1435 2143 Hoc
1452 2118 1548 2158 ergo
1566 2105 1763 2144 faciebant
1784 2106 1935 2158 priores

569 2161 607 2201 &
621 2176 715 2202 cum
731 2163 913 2202 venirent
932 2163 979 2202 ad
996 2176 1128 2216 rupes,
1148 2173 1311 2216 repente
1332 2163 1609 2203 moriebantur
1631 2174 1710 2203 tam
1732 2164 1934 2203 dilacerati

569 2222 695 2260 acutis
714 2221 880 2273 rupibus
908 2236 1030 2275 quam
1052 2222 1091 2262 in
1113 2236 1215 2275 aqua
1234 2221 1377 2261 necati.
1400 2220 1493 2262 Plus
1514 2232 1647 2262 tamen
1669 2221 1770 2262 mori
1792 2233 1935 2276 potue-

569 2290 664 2319 runt
683 2278 769 2331 nifi,
798 2279 893 2320 Deo
916 2281 1168 2333 providente,
1188 2280 1351 2334 quidam
1372 2280 1445 2320 viri
1469 2280 1667 2320 christiani
1691 2280 1933 2334 supervenis-

570 2338 652 2378 sent
674 2338 889 2391 piscatores
919 2348 1039 2393 atque
1068 2340 1351 2392 negotiatores,
1373 2339 1441 2392 qui
1461 2339 1560 2380 alios
1581 2354 1675 2380 curn
1695 2351 1934 2380 necarentur

569 2397 781 2449 eripientes
793 2408 1090 2449 recreaverunt,
1104 2408 1189 2438 tum
1201 2397 1352 2437 malum
1365 2412 1507 2437 eorum
1520 2398 1694 2438 stultitiae
1709 2399 1934 2450 sentientes,

568 2455 667 2495 alios
688 2470 738 2495 ne
767 2456 994 2510 semetipsos
1015 2457 1121 2497 iaetu
1142 2456 1415 2497 interficerent
1445 2467 1672 2508 tenuerunt,
1705 2460 1933 2498 nuntiantes

569 2528 711 2553 eorum
733 2525 905 2555 mortem
926 2516 994 2569 qui
1012 2517 1142 2568 primo
1165 2515 1405 2555 ceciderant.
1430 2515 1517 2572 Qui
1535 2516 1654 2556 etiam
1674 2516 1932 2570 agnoscentes

568 2572 841 2613 sedufflonem
888 2573 1105 2627 culpabant
1146 2574 1181 2614 se
1215 2588 1263 2614 eo
1298 2576 1406 2628 quod
1448 2574 1563 2614 facile
1597 2574 1632 2614 ei
1667 2573 1930 2615 credidissent.

569 2631 759 2685 Cumque
780 2630 994 2673 voluissent
1023 2632 1137 2672 illum
1159 2633 1354 2686 perimere
1373 2633 1637 2684 seductorem,
1665 2634 1931 2687 comprehen-

568 2691 662 2731 dere
683 2692 964 2745 nequiverunt,
993 2701 1157 2745 repente
1187 2705 1361 2745 namque
1388 2693 1575 2745 disparuit
1597 2692 1788 2745 deditque
1809 2691 1929 2745 suspi-
