2131 3552
565 213 627 261 ⁶8
1184 212 1324 278 (373)

618 386 633 407 «
650 370 725 410 Sed
743 369 808 410 illa
825 370 928 410 ultra
940 371 1128 410 virtutem
1145 369 1414 411 tentationum
1430 370 1510 410 iam
1530 369 1770 420 confortata,
1786 368 1823 409 &
1839 384 1932 410 cor-

563 442 687 481 porea
717 428 756 469 &
777 430 934 482 pietatis
962 430 1124 469 vincula
1157 429 1195 469 &
1229 442 1386 479 navem,
1417 428 1573 469 cun&is
1603 427 1808 478 flentibus,
1841 427 1933 468 laeta

560 486 690 538 solvit,
721 487 1027 541 constanterque
1067 486 1270 542 congreffa
1302 487 1490 528 fluffibus
1525 487 1659 537 maris,
1691 500 1743 526 ne
1773 496 1932 527 tantum

562 544 692 585 saeculi
708 545 853 586 fluetus
871 547 1060 598 vinceret,
1075 546 1299 600 navigavit3
1317 546 1354 586 δι
1371 544 1484 585 fimul
1501 544 1690 585 saeculum
1709 544 1932 598 orbemque

562 615 831 655 commutans,
877 605 1019 644 urbem
1063 605 1308 663 Hierusalem
1343 603 1504 657 spiritali
1547 604 1673 654 dono,
1715 604 1756 642 in
1801 617 1880 656 qua
1912 617 1934 644 a

562 676 733 715 corpore
755 664 1088 717 peregrinaretur,
1116 663 1250 718 elegit,
1281 662 1389 702 exsul
1419 663 1572 702 civium
1600 661 1639 702 δε
1658 662 1758 702 civis
1792 661 1934 702 effe&a

564 721 790 761 sanctorum
793 753 924 762 .....

619 827 633 846 «
656 809 773 848 Hanc
796 809 1054 863 [Melaniam]
1078 822 1174 861 ergo
1194 807 1275 848 filia
1295 808 1391 848 Sion
1411 806 1604 847 haetenus
1623 807 1765 848 habuit
1780 807 1818 847 &
1836 806 1934 847 defi-

563 867 685 917 derat,
704 882 811 907 nunc
831 867 912 907 filia
932 867 1151 921 Babylonis
1177 866 1339 920 [Roma]
1368 866 1487 905 habet
1506 865 1544 905 &
1564 866 1782 906 admiratur
1800 896 1934 906 .....

563 958 722 967 ......
754 941 986 980 quanquam
1014 926 1083 965 illa
1114 925 1260 979 quietis
1288 925 1326 965 δε
1353 924 1516 964 latebrae
1548 924 1624 965 suae
1654 925 1758 978 apud
1780 925 1934 966 Hieru-

559 986 677 1041 salem
707 986 745 1025 in
774 985 971 1025 Romanis
1001 986 1126 1025 modo
1158 985 1282 1024 turbis
1311 983 1492 1033 aestuanS‚
1530 983 1697 1023 clamat:
1731 983 1825 1024 Heu
1847 984 1932 1024 me!

563 1044 672 1098 quod
694 1044 893 1084 incolatus
914 1058 1026 1084 meus
1049 1043 1312 1096 prolongatus
1334 1042 1399 1082 est.
1426 1059 1441 1078 1>

658 1130 704 1170 [S.
724 1127 879 1161 Paulinus
898 1128 986 1170 Nol„
1015 1127 1150 1172 Epistola
1174 1127 1303 1168 XXIX,
1336 1128 1384 1160 ad
1399 1127 1562 1160 Severum
1582 1125 1730 1170 (Migne‚
1750 1127 1841 1160 Patr.
1862 1126 1937 1169 lat„

564 1183 654 1222 LXI,
673 1192 722 1214 cc.
742 1192 818 1222 315,
840 1191 917 1222 319,
934 1180 1044 1225 321).]

619 1276 634 1295 «
659 1258 795 1298 Testis
812 1258 870 1298 est
889 1268 1024 1298 autern
1047 1257 1268 1307 Dominus,
1299 1259 1408 1312 quod
1430 1258 1455 1298 fi
1485 1257 1550 1297 vel
1579 1257 1808 1312 scrypulum
1841 1257 1934 1297 sacri

564 1317 709 1357 cineris
724 1315 1006 1367 habuiffemus,
1027 1316 1142 1370 supra
1158 1330 1281 1370 quam
1298 1316 1414 1356 nobis
1430 1317 1477 1355 ad
1496 1314 1710 1367 bafilicam,
1731 1330 1821 1369 quae
1843 1328 1936 1369 pro-

564 1377 671 1416 xime
693 1376 732 1414 in
754 1376 920 1415 nomine
942 1375 1114 1415 Domini
1137 1375 1496 1426 consummabitur,
1516 1375 1782 1415 dedicandam
1802 1373 1937 1414 neces-

563 1434 706 1473 sarium
737 1445 835 1485 erat,
865 1433 1096 1475 mififfemus
1127 1435 1382 1474 unanimitati
1404 1445 1508 1484 tuae3
1544 1434 1607 1474 sed
1636 1435 1730 1488 quia
1758 1448 1833 1474 nos
1854 1447 1937 1473 non

562 1491 777 1532 habuimus
812 1493 930 1532 huius
962 1494 1138 1533 muneris
1171 1494 1347 1546 copiam,
1381 1493 1418 1533 &
1451 1492 1516 1532 ille
1551 1492 1586 1532 se
1617 1493 1726 1546 spem
1760 1492 1937 1532 eiusdem

563 1551 698 1603 gratiae
713 1550 918 1604 copiosam
933 1551 1078 1591 habere
1100 1552 1201 1591 dixit
1220 1566 1242 1590 a
1262 1551 1394 1591 sancta
1410 1551 1544 1603 Silvia,
1570 1567 1660 1606 quae
1681 1551 1738 1591 illi
1761 1552 1810 1591 de
1831 1548 1938 1590 mul-

486 1625 513 1631 *
565 1621 697 1649 torum
714 1625 762 1650 ex
781 1610 954 1652 Oriente
970 1621 1188 1664 martyrum
1207 1609 1386 1663 reliquiis
1408 1609 1693 1663 spopondisset,
1710 1609 1938 1650 invenimus

564 1670 673 1723 quod
708 1669 828 1723 digne
850 1669 887 1708 ὅτ
915 1669 962 1708 ad
984 1668 1152 1709 bafilicae
1174 1668 1532 1708 sandfificationem
1552 1669 1668 1710 vobis
1700 1669 1738 1709 δε
1758 1669 1805 1708 ad
1827 1667 1938 1708 sanc-

564 1740 699 1768 torum
725 1729 909 1768 cinerum
932 1728 1219 1768 cumulandam
1236 1728 1564 1768 benedi&ionem
1581 1729 1831 1768 mitteremus
1848 1739 1939 1779 par-

565 1799 645 1827 tem
669 1787 873 1840 particulae
904 1787 952 1826 de
973 1787 1083 1841 ligno
1115 1788 1261 1826 divinae
1283 1787 1440 1842 Crucis.
1477 1785 1607 1843 Quod
1638 1786 1756 1826 nobis
1784 1786 1938 1825 bonum

564 1846 777 1885 benedi-sta
805 1845 1012 1885 Melanius
1042 1845 1091 1884 ab
1112 1845 1358 1903 Hierusalem
1387 1859 1554 1884 munere
1576 1844 1697 1885 sancti
1719 1844 1813 1884 inde
1834 1841 1936 1896 epis-

564 1906 657 1958 copi
678 1903 870 1945 Iohannis
892 1903 1036 1944 attulit.
1059 1920 1073 1940 »

660 1990 704 2031 [S.
723 1989 880 2022 Paulinus
894 1989 982 2029 Nol„
1004 1987 1139 2032 Epistola
1161 1989 1291 2030 XXXI,
1308 1989 1356 2021 ad
1376 1990 1539 2022 Severum
1564 1987 1720 2032 (Migne,
1745 1988 1839 2020 Patr.
1867 1985 1939 2027 lat.,

565 2044 654 2087 LXI,
676 2054 703 2076 c.
727 2042 834 2086 325).]

621 2152 636 2171 «
661 2133 715 2173 Et
730 2132 853 2186 ipsam
875 2133 1179 2172 adnotationem
1198 2147 1319 2187 quarn
1335 2132 1638 2183 commonitorij
1663 2132 1751 2171 vice
1774 2131 1932 2171 miseras

565 2193 705 2234 litteris
726 2193 825 2232 meis
847 2192 1028 2242 inditam,
1050 2192 1173 2231 direxi
1195 2192 1242 2231 ad
1265 2191 1459 2231 Rufinum
1481 2190 1770 2244 presbyterum,
1794 2189 1937 2230 sanitae

569 2251 726 2293 Melani
749 2253 789 2291 in
810 2252 873 2290 via
893 2251 1099 2292 comitem.
1125 2267 1139 2286 »

661 2338 705 2379 [S.
723 2335 879 2369 Paulinus
894 2334 986 2377 Nol„
1004 2334 1139 2379 Epistola
1154 2335 1311 2375 XXVIII,
1327 2336 1375 2367 ad
1387 2337 1548 2367 Severum
1568 2333 1721 2378 (Migne,
1746 2333 1838 2365 Patr.
1859 2331 1936 2374 lat.‚

567 2390 659 2431 LXI,
681 2400 710 2424 e.
733 2402 769 2431 31
781 2390 840 2433 1).]

624 2488 639 2508 ‹<
664 2469 854 2509 Inferiore
884 2479 1018 2508 autem
1040 2468 1171 2507 balteo
1196 2467 1250 2520 [in
1267 2465 1424 2505 bafilica
1439 2464 1635 2518 Nolana],
1664 2479 1746 2518 quo
1769 2464 1934 2516 parietis

568 2530 606 2570 &
626 2543 793 2570 camerae
813 2527 1035 2568 confinium
1051 2524 1280 2579 interposita
1299 2524 1421 2578 gypso
1442 2524 1609 2577 crepido
1631 2523 1843 2576 coniungit
1866 2534 1937 2563 aut

568 2589 724 2639 dividit,
735 2588 798 2627 hic
813 2586 951 2626 titulus
968 2586 1117 2625 indicat
1133 2583 1312 2637 deposita
1326 2583 1394 2622 sub
1412 2583 1520 2622 altari
1539 2582 1671 2622 saneta
1687 2581 1935 2622 sanctorum:

692 2660 773 2699 Hic
795 2659 933 2711 pietas,
952 2658 1018 2697 hic
1038 2656 1143 2696 alma
1162 2655 1272 2706 fides,
1293 2655 1357 2694 hic
1377 2653 1506 2708 gloria
1527 2652 1692 2704 Christi,

745 2718 825 2758 Hic
846 2717 900 2756 est
921 2715 1157 2769 martyribus
1177 2728 1273 2754 crux
1295 2714 1439 2754 sociata
1461 2713 1549 2764 suis,
