2131 3552
660 741 1067 800 SAECULUM
1112 742 1206 800 IV.

23 1072 233 1125 303-304
254 1063 340 1110 **S.
369 1065 686 1120 ANTONINUS,
722 1079 880 1121 martyr,
906 1062 945 1106 ὃ»
973 1063 1223 1106 IOHANNES
1249 1063 1467 1122 presbyter,
1509 1064 1620 1105 ambo

254 1137 496 1181 Placentini.
523 1147 603 1191 (24)

308 1244 323 1264 «
349 1225 475 1280 Igitur
505 1227 612 1266 hunc
635 1226 906 1275 Antoninum,
936 1224 1141 1264 martirem
1163 1223 1326 1275 Christi,
1357 1224 1490 1263 ferunt
1519 1238 1622 1277 quo-

254 1289 346 1327 dam
363 1298 548 1340 tempore
567 1286 796 1325 Placentina:
815 1285 920 1325 urbis
937 1283 1083 1324 finibus
1100 1281 1309 1336 egressum,
1326 1294 1445 1336 atque
1468 1284 1622 1325 Orien-

255 1346 352 1387 tales
380 1344 622 1400 pertransisse
652 1345 893 1398 provincias,
925 1344 1132 1397 multaque
1160 1344 1198 1382 in
1229 1342 1375 1382 eisdem
1407 1344 1624 1395 provinciis

256 1420 349 1445 eum
371 1404 566 1445 miracula
586 1402 723 1444 vidisse
745 1403 934 1456 scriptum
957 1403 1190 1456 reperimus.
1216 1419 1231 1437 »

351 1477 606 1523 [Paffionarium,
625 1478 698 1512 saeC.
719 1478 770 1510 XI
787 1476 897 1521 script.
921 1475 1097 1519 (Mediol.‚
1118 1474 1202 1508 Bibl.
1217 1474 1393 1518 Ambros.‚
1416 1477 1458 1516 E,
1476 1476 1557 1517 22).]

314 1570 328 1590 «
362 1553 529 1594 SanE’ms
563 1553 812 1603 Antoninus,
846 1565 963 1591 verus
994 1549 1140 1591 Christi
1178 1549 1391 1602 alumpnus
1426 1564 1447 1589 a
1477 1550 1627 1603 Spiritu

258 1612 404 1653 Saneto
427 1612 617 1662 imbutus,
648 1611 819 1665 qualiter
852 1611 890 1650 in
922 1610 1045 1649 domo
1075 1608 1156 1648 Dei
1188 1609 1359 1648 debebat
1387 1610 1628 1660 conversari,

257 1672 494 1712 coadunatis
527 1671 712 1711 fratribus
743 1670 781 1710 &
802 1669 1003 1722 discipulis
1025 1669 1162 1708 multis
1194 1666 1365 1721 egreffus
1387 1668 1441 1707 est
1471 1668 1629 1708 Placen-

258 1731 362 1782 tiam,
394 1731 618 1771 desiderans
659 1730 796 1769 videre
832 1727 1042 1777 mirabilia,
1071 1742 1160 1781 quae
1195 1737 1383 1779 operatus
1417 1727 1471 1766 est
1502 1727 1629 1777 Deus,

258 1790 384 1829 homo
415 1790 542 1830 faetus
570 1804 643 1842 pro
674 1788 805 1828 nostra
827 1787 948 1828 salute
970 1787 1009 1826 in
1030 1784 1262 1825 Iudaeorum
1285 1785 1421 1838 patria.
1457 1784 1630 1839 pergens

260 1850 395 1904 itaque
411 1848 585 1899 securus,
606 1848 700 1902 quia
719 1847 892 1887 vallabat
908 1861 1000 1886 eum
1022 1860 1044 1885 a
1064 1845 1211 1884 dextris
1227 1843 1265 1884 δε
1281 1858 1303 1883 a
1322 1843 1480 1884 finistris
1498 1846 1631 1884 muni-

262 1909 427 1949 tiffimus
449 1922 587 1948 murus
605 1938 613 1947 .
635 1938 644 1946 .
666 1938 673 1946 .
697 1938 704 1946 .

317 1984 333 2004 <z
358 1966 522 2007 Taliter
542 1965 581 2006 δε
601 1966 815 2006 iocundius
838 1978 959 2018 quam
980 1963 1146 2016 cogitari
1168 1961 1231 2001 vel
1253 1962 1320 2001 fari
1345 1961 1458 2014 poffit
1480 1963 1632 2013 vivens,

262 2027 443 2081 ignotam
474 2024 786 2079 pertranseundo
821 2024 1004 2077 patriam,
1043 2020 1135 2061 exul
1175 2021 1286 2060 venit
1318 2019 1632 2076 Hierosolymam.

264 2084 410 2139 Ibique
432 2099 502 2137 per
519 2084 654 2138 plures
676 2085 825 2137 degens
842 2083 940 2132 dies,
961 2081 1051 2121 loca
1067 2080 1294 2120 san&orum
1314 2080 1633 2134 circumquaque

265 2143 519 2197 perlustrans,
541 2143 764 2197 promeruit
781 2141 970 2195 consequi
993 2140 1170 2180 divinam
1187 2139 1419 2193 gratiam...
1440 2137 1634 2190 Inspecffis

266 2212 471 2241 tantorum
494 2201 680 2241 locorum
703 2200 947 2240 inhiantibus
977 2199 1093 2252 fignis
1125 2229 1133 2237 .
1155 2228 1163 2237 .
1186 2228 1194 2236 .
1227 2196 1380 2237 Volens
1408 2207 1543 2236 autem
1565 2197 1634 2235 ad-

268 2260 347 2300 huc
370 2260 513 2314 procul
535 2261 602 2311 ire,
633 2259 815 2300 collecffis
846 2273 967 2312 quam
998 2257 1182 2311 plurimis
1209 2255 1421 2305 sodalibus,
1452 2255 1635 2308 pervenit

267 2320 315 2359 ad
345 2331 528 2360 montem
556 2319 686 2374 Synay.
718 2317 829 2359 Inter
849 2317 1004 2371 reliqua
1023 2331 1120 2356 vero
1142 2331 1232 2369 quae
1253 2314 1433 2367 inspexit,
1454 2313 1636 2353 mirabile

268 2378 398 2418 diem!
416 2389 501 2419 erat
517 2379 570 2418 ibi
589 2392 818 2418 marmorea
831 2377 956 2417 statua
968 2376 1061 2416 nive
1077 2374 1301 2422 candidior,
1317 2373 1488 2426 effigiem
1503 2373 1637 2411 homi-

268 2438 330 2478 nis
350 2438 590 2491 exprimens,
618 2438 680 2477 cui
705 2437 800 2477 dum
824 2437 992 2490 profano
1015 2435 1092 2474 ritu
1115 2431 1304 2472 sacrificia
1327 2431 1639 2484 spurcentiffima

270 2494 309 2535 δε
329 2495 642 2536 abhominabilia
671 2495 837 2534 ministri
859 2494 1131 2548 nequitiarum
1152 2491 1357 2540 offerrent,
1386 2500 1487 2529 tetra
1508 2500 1550 2528 ut
1572 2490 1639 2542 pix

270 2555 532 2605 efficiebatur,
555 2565 599 2594 ut
612 2564 746 2593 autem
758 2552 971 2603 cessabant,
993 2553 1031 2591 in
1051 2551 1258 2604 proprium
1275 2549 1430 2588 redibat
1448 2548 1638 2588 colorem.

273 2612 413 2653 Credo
433 2628 516 2653 non
537 2613 576 2652 id
599 2611 707 2666 poffe
726 2612 813 2652 fieri
834 2611 979 2665 absque
1000 2609 1195 2664 presentia
1216 2607 1297 2648 Dei
1320 2638 1450 2647 .....

332 2689 345 2708 «
368 2671 511 2712 Flante
532 2671 692 2725 placido
713 2671 861 2722 austro,
884 2671 1102 2724 fugatoque
1125 2667 1328 2721 aquilone,
1354 2681 1432 2705 una
1452 2680 1544 2705 cum
1567 2665 1640 2704 suis

274 2730 410 2771 noster
442 2731 637 2770 cumcivis
666 2729 821 2770 sanetus
850 2729 888 2770 &
908 2743 930 2768 a
960 2727 1054 2769 Deo
1076 2740 1192 2767 carus
1212 2725 1446 2766 Antoninus
1468 2723 1643 2764 reversus

280 2790 336 2830 est
355 2789 402 2829 ad
424 2789 628 2829 civitatem
650 2788 894 2829 Placentiam.
920 2804 937 2823 2

463 2860 491 2895 P
1467 2867 1482 2899 5
