2131 3552
579 200 644 249 94
1128 185 1394 250 (399-400)

470 346 560 397 399
582 346 882 403 ANONYMUS,
899 347 967 404 qui
980 346 1194 405 Theophili
1207 346 1481 390 cAIexandrini
1499 345 1701 405 epistolam
1721 346 1826 405 ads.
1842 347 1945 389 Hie-

581 434 780 476 ronymum
806 417 952 460 attulit.
978 425 1008 465 (1
1019 422 1078 466 12)

639 525 655 544 ‹<
679 506 861 560 Epistola
889 518 955 547 tua
983 506 1226 548 haereditatis
1247 507 1462 548 dominicae
1492 517 1531 547 te
1558 506 1739 546 indicans
1760 503 1947 559 poffeffo-

584 581 669 607 rem
691 595 1275 605 ....................
1301 565 1406 607 illius
1428 580 1592 620 quoque
1613 564 1812 605 felicitatis
1833 579 1947 604 com-

585 636 723 680 potem
739 635 777 665 te
792 623 868 664 effe
885 624 1021 664 testata
1040 624 1108 674 est,
1129 625 1167 663 in
1185 638 1263 678 qua
1286 642 1301 661 «
1323 625 1426 664 beati
1443 624 1598 678 pacifici
1621 641 1636 661 »
1660 634 1946 677 nuncupantur

585 684 768 734 (Matth.,
788 683 842 735 v).
869 699 883 718 »

679 762 725 807 [S.
745 762 982 805 Hieronymus,
1010 760 1144 805 Epistola
1173 762 1350 804 LXXXII,
1372 763 1420 796 ad
1443 761 1651 806 ‘Theophilum
1679 761 1833 807 (Migne,
1857 762 1946 794 Patr.

585 818 654 859 lat„
670 817 783 856 XXII,
801 826 828 848 c.
849 814 963 859 736).]

476 928 567 981 399
587 919 635 976 S.
671 917 1088 995 Hieronymus.
1125 931 1236 976 (xxiij)

678 1019 827 1065 [Eptstola
847 1022 1040 1063 LXXVIII,
1059 1022 1108 1054 ad
1129 1019 1305 1062 Fabiolam,
1323 1022 1362 1054 de
1381 1022 1477 1054 XLII
1495 1020 1704 1063 manstonibus
1723 1020 1953 1063 Israelitarum

587 1072 619 1105 in
636 1072 759 1116 deserto
778 1073 931 1117 (Migne,
948 1074 1039 1107 Patr.
1057 1073 1127 1116 lat„
1146 1075 1257 1116 XXII,
1277 1085 1307 1107 c.
1327 1073 1440 1118 698).]

682 1149 759 1191 [Hoc
783 1149 1054 1190 commentarium,
1085 1155 1186 1193 utpote
1211 1150 1260 1182 ad
1277 1149 1465 1194 theologiam
1490 1149 1596 1194 magis
1623 1161 1720 1194 quam
1747 1152 1796 1183 ad
1812 1161 1953 1194 geogra-

584 1201 869 1246 phiamspeffans,
899 1202 1054 1246 praesenti
1070 1200 1232 1235 volumini
1247 1201 1390 1244 inserere
1409 1202 1547 1247 aeduin]

360 1310 570 1361 399-400
589 1303 889 1360 ANONYMUS,
922 1307 991 1362 qui
1023 1306 1275 1358 Panzmaclzij
1300 1302 1339 1346 ἃ
1368 1304 1521 1347 Oceani
1557 1299 1620 1364 (in
1655 1303 1774 1347 Italia
1808 1303 1955 1362 degen-

588 1375 710 1431 tium)
734 1374 839 1433 ads.
866 1374 1148 1432 Hieronymum
1174 1373 1375 1432 epistolam
1400 1373 1550 1417 attulit.
1579 1380 1683 1425 (113)

645 1486 661 1506 «
689 1468 855 1509 Sanetus
883 1468 1027 1523 aliquis
1054 1484 1103 1509 ex
1137 1469 1324 1510 fratribus
1354 1469 1560 1510 schedulas
1580 1470 1626 1509 ad
1659 1484 1733 1510 nos
1752 1467 1957 1508 cuiusdam

592 1527 749 1579 detulit,
777 1543 867 1581 quae
889 1528 1084 1582 Origenis
1105 1528 1309 1580 volumen,
1339 1531 1448 1582 quod
1469 1534 1540 1580 περὶ
1559 1528 1687 1578 Ἀ’ρχῶν
1719 1527 1958 1576 inscribitur,

593 1590 629 1628 in
667 1587 836 1627 latinum
865 1586 1089 1627 sermonem
1116 1588 1351 1628 conversum
1381 1598 1572 1628 tenerent.
1607 1587 1661 1628 Et
1691 1586 1884 1641 quoniam
1919 1585 1958 1624 in

592 1647 653 1687 his
687 1645 814 1686 multa
847 1645 947 1697 sunt,
980 1661 1070 1700 quae
1100 1647 1337 1686 tenuitatem
1372 1647 1519 1701 ingenij
1554 1646 1676 1686 nostri
1707 1653 1960 1700 permovent,

593 1719 764 1759 quaeque
780 1705 912 1745 minus
928 1704 1129 1745 catholice
1149 1705 1257 1745 dieia
1273 1705 1558 1757 existimamus,
1579 1705 1820 1759 suspicamur
1836 1703 1959 1743 etiam

594 1764 641 1804 ad
663 1763 961 1804 excusationem
988 1764 1160 1804 au&oris
1191 1764 1318 1804 multa
1346 1764 1395 1804 de
1417 1764 1528 1805 libris
1549 1765 1634 1805 eius
1654 1764 1730 1804 esse
1750 1762 1962 1817 subtradia,

594 1838 684 1877 quae
705 1833 885 1877 apertam
906 1823 1157 1876 impietatem
1172 1824 1345 1863 eiusdem
1367 1823 1586 1863 monstrare
1604 1820 1832 1876 potuissent,
1852 1835 1962 1875 quae-

594 1882 726 1922 sumus
743 1882 1008 1936 praestantiam
1026 1893 1148 1934 tuam,
1165 1894 1208 1922 ut
1225 1884 1264 1922 in
1280 1883 1359 1923 hoc
1376 1882 1609 1936 specialiter,
1630 1896 1712 1922 non
1735 1892 1816 1922 tam
1832 1880 1963 1931 nobis,

595 1956 717 1995 quam
729 1939 918 1981 universis
934 1941 1001 1994 qui
1014 1942 1053 1980 in
1067 1942 1181 1981 Urbe
1196 1941 1390 1992 habitant,
1403 1941 1661 1994 profuturum
1673 1955 1775 1995 opus
1787 1939 1962 1995 digneris

596 2000 843 2054 impendere,
863 2012 907 2040 ut
932 2000 1202 2053 supradi&um
1222 2000 1367 2040 librum
1385 2000 1581 2054 Origenis
1602 2001 1649 2040 ad
1666 1999 1801 2051 fidem,
1821 2013 1963 2054 quem—

597 2059 818 2100 admodum
839 2060 887 2099 ab
913 2059 995 2113 ipso
1011 2060 1177 2099 audiore
1197 2059 1327 2099 editus
1348 2059 1415 2110 est,
1436 2069 1506 2099 tuo
1523 2058 1704 2099 sermone
1726 2057 1964 2109 manifestes,

598 2120 636 2160 &
657 2134 746 2173 quae
766 2133 788 2158 a
808 2118 1012 2158 defensore
1033 2120 1117 2159 eius
1138 2118 1379 2172 interpolata
1398 2118 1485 2158 sunt
1506 2119 1664 2172 prodas.
1690 2135 1705 2154 >>

693 2203 939 2249 [Pammachius
953 2205 984 2238 &
1004 2206 1170 2246 Oceanus,
1190 2203 1324 2248 Epistola
1341 2203 1429 2247 ads.
1451 2203 1675 2248 Hieronymum
1694 2203 1848 2247 (Migne,
1875 2203 1964 2236 Patr.

599 2260 672 2301 lat,
688 2260 802 2301 XXII,
823 2270 850 2292 c.
871 2258 979 2302 743).]

362 2376 461 2407 ante
485 2373 581 2423 400
600 2361 639 2407 S.
682 2365 1022 2418 ALEXANDER,
1079 2363 1372 2405 o‘lcoemetorum
1419 2359 1767 2419 Constantinopoli
1800 2359 1965 2416 funda-

601 2449 676 2477 tor.
706 2441 809 2486 (114)

697 2524 927 2568 [Anonymus,
959 2521 1140 2554 monachus
1161 2521 1375 2560 Acoemetus‚
1407 2517 1483 2551 Vita
1505 2517 1538 2560 s
1568 2516 1767 2559 Alexandri,
1795 2517 1966 2561 c.1(AA.

603 2579 653 2610 SS.
679 2575 768 2619 Ball„
804 2578 889 2617 Ian„
907 2576 933 2616 Ι,
951 2587 982 2619 p.
1009 2587 1112 2615 10213
1143 2573 1183 2606 cf.
1203 2573 1299 2615 Ibid„
1328 2575 1496 2606 Comment.
1515 2577 1626 2615 praev.
1645 2572 1694 2603 ad
1715 2570 1827 2603 vitam
1843 2569 1877 2613 s
1897 2570 1968 2604 Ale-

602 2629 743 2672 xandri,
762 2631 777 2671 ῥ
796 2630 826 2662 11
832 2630 875 2674 ).]

652 2706 726 2752 (Cf.
745 2706 868 2740 Itinera
879 2716 1007 2750 gnua,
1028 2706 1066 2747 Ι.)
