2131 3552
563 221 654 271 260
1166 219 1216 280 (s.
1231 220 1314 280 Vl)

560 381 599 422 δι
620 381 835 432 impetrata
855 377 991 418 tabula
1007 391 1028 416 a
1046 377 1216 416 domino
1234 376 1457 430 patriarcha
1470 374 1836 427 Iherosolimitano,
1846 389 1936 415 eam

559 440 693 480 secum
723 439 769 477 ad
800 437 908 477 suam
933 434 1142 476 ecclefiam
1172 435 1462 488 transportavit.
1502 434 1668 474 Accidit
1696 444 1831 474 autem
1856 435 1936 474 hoc

560 498 674 539 anno'x
688 496 977 537 incarnationis
998 494 1216 534 dominicae
1237 504 1337 534 ccco
1358 503 1472 533 LXXO.
1491 510 1506 529 »

656 569 881 613 [Burchardus
917 566 1184 612 Argentinenfis,
1221 569 1286 601 Iter
1312 569 1360 599 ad
1388 565 1529 599 Terram
1554 568 1704 600 Sanaam
1735 565 1938 610 (Serapeum,

559 634 583 658 t.
603 626 699 666 XIX,
718 635 774 668 pp.
798 622 996 666 153-154).]

617 722 633 742 <‹
660 705 761 745 Haec
778 702 914 743 tabula
935 701 1244 758 Constantinopoli
1262 701 1365 741 fa&a
1386 702 1461 740 suit
1486 700 1524 740 &
1555 700 1716 753 depststa
1736 700 1774 740 &
1794 715 1816 740 a
1837 715 1940 754 quo-

563 767 655 805 dam
673 764 898 818 patriarcha
910 761 1283 815 Hierosolymitano
1300 761 1340 800 in
1353 760 1603 818 Hierusalem
1618 760 1807 800 transsata.
1820 759 1940 800 Hanc

563 823 740 865 tabulam
765 822 881 876 petiit
903 821 1088 875 quaedam
1115 818 1303 860 abbatissa
1324 819 1503 873 praediffi
1527 818 1621 869 loci,
1638 818 1677 858 &
1697 819 1941 872 impetravit,

564 884 602 924 &
623 883 757 923 secum
778 880 934 921 detulit.
956 897 972 916 »

659 953 970 1000 [Pseudo-Iacobus
986 952 1143 994 Vitriac.,
1159 951 1300 995 Historia
1316 952 1453 993 Orient.,
1471 952 1491 985 l.
1507 953 1557 985 III
1572 953 1758 996 (Bongars,
1773 951 1866 995 Gesta
1879 950 1944 984 Dei

561 1016 621 1055 per
639 1010 791 1048 Francos,
808 1007 836 1047 I,
854 1017 888 1050 p.
910 1006 1041 1050 1126).]

621 1102 636 1120 «
662 1083 878 1135 Tempore
900 1095 982 1134 quo
1011 1080 1149 1122 Graeci
1171 1079 1209 1120 δι
1231 1079 1413 1133 Armenij
1438 1079 1584 1132 Syriam
1609 1089 1840 1131 tenuerunt,
1870 1081 1945 1120 fuit

565 1143 750 1198 quaedam
770 1138 1014 1180 heremitiffa
1034 1138 1113 1179 five
1133 1153 1270 1179 nonna
1286 1153 1307 1178 a
1328 1138 1461 1178 seculo
1481 1138 1757 1189 remota,Deo
1771 1138 1943 1181 serviens

565 1201 611 1241 ad
634 1201 698 1241 sex
718 1200 854 1254 leugas
871 1199 1074 1257 Damasci,
1088 1199 1193 1251 apud
1212 1198 1349 1238 locum
1367 1198 1434 1251 qui
1453 1197 1601 1236 dicitur
1618 1197 1816 1238 Sardenai.
1835 1197 1944 1253 Quae

567 1260 800 1315 peregrinos
822 1259 1064 1299 transeuntes
1095 1257 1143 1298 ad
1166 1257 1420 1311 sepulchrum
1447 1255 1621 1296 Domini
1646 1256 1819 1309 hospitio
1840 1257 1944 1296 reei-

567 1320 716 1374 piebat,
735 1319 774 1359 &
795 1332 866 1372 pro
890 1317 997 1371 posse
1019 1317 1075 1357 eis
1107 1317 1253 1356 devote
1276 1315 1533 1355 ministrabat.
1564 1315 1803 1355 Adveniens
1824 1316 1945 1369 igitur

567 1380 733 1434 quidam
748 1391 901 1432 graecus
916 1377 1140 1416 monachus
1157 1376 1206 1415 de
1219 1375 1538 1428 Constantinopoli,
1551 1374 1741 1414 tendebat
1757 1376 1804 1414 ad
1817 1374 1948 1428 sepul-

567 1440 711 1479 chrum
734 1437 920 1478 Domini.
952 1436 1159 1488 Receptus
1186 1435 1241 1474 est
1262 1435 1309 1474 ab
1330 1434 1398 1474 illa
1419 1433 1457 1473 &
1482 1433 1619 1474 multis
1642 1433 1826 1487 precibus
1850 1447 1947 1472 exo-

565 1509 674 1538 ratus
695 1507 739 1536 ut
758 1497 798 1536 in
819 1496 949 1536 reditu
974 1509 1097 1535 unam
1116 1495 1347 1549 ymaginem
1374 1494 1499 1533 beatae
1516 1493 1699 1546 Virginis
1721 1492 1891 1532 deferret
1910 1492 1946 1531 ei

569 1556 773 1610 depicff'tam
799 1556 839 1595 in
862 1554 1007 1594 tabula.
1039 1554 1200 1594 Annuit
1224 1554 1448 1592 monachus
1477 1551 1584 1591 illius
1606 1552 1805 1605 petitioni.
1837 1551 1947 1592 Cum

569 1627 705 1656 autem
733 1625 1011 1665 reverteretur,
1040 1615 1120 1653 iam
1147 1611 1318 1667 egressus
1344 1612 1392 1651 ab
1420 1611 1681 1669 lherosolimis,
1702 1610 1851 1651 oblitus
1873 1609 1948 1650 suae

570 1674 854 1730 promiffionis,
875 1674 1029 1714 audivit
1058 1687 1199 1713 vocem
1223 1670 1291 1711 fibi
1315 1671 1532 1720 dicentem,
1553 1684 1603 1709 ne
1628 1670 1682 1709 ita
1709 1670 1817 1709 suam
1840 1669 1948 1722 parvi

571 1734 766 1788 penderet
796 1733 1106 1786 promiffionem.
1130 1730 1218 1786 Qui
1250 1731 1380 1769 statim
1401 1731 1448 1769 ad
1471 1729 1677 1769 civitatem
1704 1729 1949 1782 regrediens,

572 1794 885 1848 pulcherrimam
906 1790 974 1831 fibi
997 1791 1124 1831 beatae
1142 1790 1290 1830 Mariae
1311 1789 1564 1842 comparavit
1583 1789 1828 1842 ymaginem.
1852 1804 1865 1823 »

666 1866 899 1911 [AnonymuS,
907 1866 957 1898 De
965 1864 1108 1908 imagine
1118 1864 1148 1897 b.
1157 1862 1285 1896 Μανία»
1295 1863 1335 1894 de
1343 1863 1523 1905 Sardenay,
1532 1861 1564 1901 ΞΞ
1578 1872 1705 1904 1-33ap.
1715 1861 1760 1894 G.
1770 1860 1952 1905 Raynaud,

571 1921 614 1954 Le
627 1918 771 1954 Miracle
787 1920 828 1952 de
845 1919 888 1952 N.
908 1920 950 1952 D.
965 1918 1005 1950 de
1025 1916 1189 1950 Sardenai
1208 1914 1396 1960 (Romania,
1414 1922 1436 1947 t.
1453 1915 1515 1955 XI,
1537 1917 1637 1954 1882,
1654 1925 1685 1957 p.
1708 1913 1809 1957 522);
1825 1913 1866 1947 cf.
1885 1913 1951 1946 Al-

573 1973 701 2007 bericus
720 1972 918 2014 monachus,
941 1970 1264 2015 Chronicong(Pertz,
1287 1970 1376 2002 Mon.
1397 1968 1524 2009 Germ„
1543 1967 1673 2008 XXIII,
1696 1979 1726 2011 p.
1747 1978 1765 2008 9
1773 1978 1788 2008 3
1796 1968 1845 2010 5);
1865 1967 1952 2000 Ger-

573 2027 677 2061 vafius
699 2025 929 2067 Tilberiensis,
956 2024 1033 2058 Otia
1058 2022 1232 2068 imperiala
1256 2021 1441 2066 (Leibnitz,
1463 2020 1636 2064 Scripmres
1659 2031 1770 2053 rerum
1785 2019 1953 2064 Brunsvi-

573 2080 717 2124 mustum,
736 2081 765 2121 Ι,
782 2091 812 2124 p.
835 2079 946 2124 975).]

632 2174 648 2194 «
672 2155 886 2208 Tempore
908 2153 978 2193 illo
999 2167 1093 2193 cum
1111 2152 1247 2194 Graeci
1272 2162 1419 2192 terram
1440 2150 1731 2200 inhabitabant,
1752 2148 1826 2187 fuit
1846 2147 1951 2200 apud

576 2216 828 2273 Damascum,
850 2212 1114 2266 metropolim
1137 2212 1254 2265 Syriae
1274 2212 1495 2261 civitatem,
1512 2210 1697 2264 quaedam
1715 2205 1953 2247 venerabilis

578 2286 761 2316 matrona
789 2270 1104 2313 sanffimonialis
1133 2271 1317 2311 habitum
1345 2269 1571 2323 suscipiens.
1599 2267 1786 2308 Domino
1808 2266 1954 2305 devote

579 2335 721 2376 servire
746 2333 929 2373 studebat
956 2331 994 2372 &
1022 2342 1065 2371 ut
1095 2330 1260 2371 liberius
1288 2331 1436 2370 divinis
1464 2328 1665 2382 obsequiis
1685 2339 1853 2367 vaccare
1880 2338 1955 2377 po-

579 2393 724 2444 tuisset,
744 2391 908 2432 civilem
938 2390 1145 2431 declinans
1174 2389 1408 2439 tumultum,
1439 2388 1547 2427 sexto
1574 2387 1746 2426 miliario
1775 2384 1823 2424 ab
1856 2383 1954 2422 urbe

581 2453 771 2508 praediffl
801 2451 949 2491 seceffit
969 2451 1016 2490 ad
1040 2450 1177 2489 locum
1200 2460 1296 2488 tunc
1322 2448 1517 2501 temporis
1539 2446 1742 2498 Sardauay
1766 2442 1954 2484 nomina-

581 2525 681 2563 tum,
702 2512 838 2565 ibique
862 2511 1031 2549 domurn
1053 2508 1091 2548 &
1113 2508 1337 2547 oratorium
1369 2508 1408 2546 in
1433 2507 1591 2546 honore
1614 2504 1696 2545 Dei
1728 2501 1955 2545 Genitricis

580 2570 799 2621 aedificans,
815 2569 1094 2622 hospitalitatis
1115 2567 1296 2607 officium
1319 2566 1565 2620 pauperibus
1585 2564 1622 2604 &
1640 2562 1859 2617 peregrinis
1881 2560 1956 2599 mi-

581 2630 780 2671 nistrabat.
803 2629 991 2682 Contigit
1011 2642 1108 2681 ergo
1130 2636 1174 2666 ut
1199 2626 1365 2679 quidam
1386 2625 1612 2665 monachus
1634 2623 1682 2663 de
1703 2620 1956 2676 Cofflantino-

578 2691 749 2745 politana
769 2689 865 2728 urbe
886 2703 980 2728 cum
1001 2686 1116 2727 causa
1135 2686 1331 2726 orationis
1346 2684 1383 2725 &
1400 2684 1619 2724 devotione
1641 2681 1745 2721 sacra
1761 2680 1852 2720 loca
1867 2677 1957 2718 visl-

584 2750 707 2801 tandi,
729 2748 1011 2807 [herosolymam
1035 2755 1233 2800 pergeret,
1259 2744 1457 2799 susceptus
1484 2743 1538 2783 est
1558 2757 1579 2782 a
1606 2737 1898 2781 sanctimoniali
1914 2738 1956 2778 in
