2131 3552
529 205 616 256 142
1131 192 1270 256 (417)

523 347 571 387 ad
592 361 706 387 eum:
738 363 754 383 <‹
782 345 897 386 Deus
919 357 957 386 te
977 346 1203 399 benedicat,
1235 347 1305 399 fili,
1325 349 1420 402 quia
1438 346 1507 388 etsl
1533 348 1684 389 tardius
1711 349 1885 390 dimifisti

525 425 542 446 <z
566 420 652 446 nos.
679 423 694 442 1>
727 405 781 445 Et
799 405 928 445 statim
951 406 1156 458 proferens
1185 406 1331 448 solidos
1359 421 1461 460 quos
1481 421 1503 447 a
1522 421 1587 446 me
1614 421 1685 460 pro
1710 407 1885 461 sportule

522 465 646 519 gratia
674 464 907 517 susceperat,
938 464 1168 517 porrigebat
1200 466 1336 507 michi.
1369 466 1491 523 Quos
1522 467 1662 507 videns
1695 468 1886 509 nolebam

523 524 730 577 suscipere,
758 522 976 562 arbitrabar
999 523 1107 561 enirn
1128 524 1222 576 quia
1243 538 1384 576 parum
1400 524 1602 565 dediffem.
1625 523 1807 578 Dixique
1828 528 1884 568 ei:

526 601 541 620 «
563 583 602 623 Si
622 596 765 636 parum
790 581 845 621 est
864 581 1047 621 addimus
1065 582 1262 621 tothidem
1285 582 1382 636 (stc),
1408 597 1501 623 nam
1522 583 1614 624 istos
1634 598 1716 623 non
1737 586 1887 639 accipi-

526 659 541 678 «
562 655 663 681 mus.
680 657 696 678 ›>
712 639 799 695 Qui
813 640 932 680 dixit:
949 657 963 676 «
981 639 1130 693 Neque
1145 640 1219 680 hos
1232 651 1365 692 teneo,
1380 657 1456 696 neq
1464 657 1511 682 ue
1530 642 1628 683 alios
1642 643 1853 695 accipiam.
1869 662 1884 682 »

524 699 755 753 Suspicabar
777 709 910 737 autem
928 712 1004 751 ego
1024 712 1075 737 ne
1095 710 1299 739 vereretur
1314 701 1487 741 accusari
1509 701 1599 741 sein
1619 701 1779 754 palatio,
1807 702 1887 743 Cui

524 760 625 799 dixi:
641 776 656 795 «
673 758 741 798 Ne
755 758 949 807 timueris,
960 756 1015 796 fili
1031 757 1037 796 l
1055 772 1137 796 non
1155 758 1264 796 enim
1276 758 1408 800 sumus
1419 774 1468 800 ex
1480 761 1540 801 his
1552 775 1630 814 que
1645 759 1726 815 (fic)
1743 761 1891 801 cuncta

527 836 542 855 «
568 827 798 871 peragrant3
814 830 888 855 nos
905 825 1039 855 autem
1054 815 1279 856 necessitate
1296 818 1476 871 conpuls1
1497 820 1570 858 iter
1584 820 1770 868 facimus;
1791 834 1889 859 con-

527 895 542 914 «
566 875 644 916 fide
666 886 799 914 autem
821 874 915 927 quia
934 873 1031 913 nicil
1051 873 1146 913 mali
1167 874 1215 913 de
1237 886 1275 914 te
1295 890 1370 916 nos
1387 877 1579 928 dicemus,
1601 892 1675 917 nec
1691 878 1799 917 enim
1820 893 1889 918 ex·
1909 889 1929 920 f.
1946 889 2044 929 253b‚
2061 890 2131 919 col.-

527 953 541 972 «
569 934 679 988 pedit
703 933 832 972 servos
853 931 935 972 Dei
958 932 1052 972 talia
1071 946 1197 985 agere.
1230 950 1244 969 »
1272 935 1337 974 Ad
1362 934 1608 988 postremum
1635 937 1745 989 cepit
1772 937 1889 978 nobis

525 993 563 1033 &
589 992 720 1032 sancte
741 989 979 1031 confiteri&
995 991 1149 1031 dicere:
1175 1009 1189 1028 «
1211 992 1376 1033 Credite
1401 993 1513 1044 mihi,
1533 994 1738 1034 beatissimi
1757 994 1891 1048 &ipsa

527 1070 541 1089 «
568 1050 811 1100 sanctiffima,
833 1049 926 1102 quia
953 1064 1024 1102 per
1054 1060 1180 1089 totam
1208 1051 1372 1091 noctem
1400 1051 1438 1091 &
1463 1066 1538 1106 ego
1569 1052 1607 1092 &
1633 1054 1782 1093 coniux
1803 1068 1892 1094 mea

527 1128 541 1147 «
567 1109 742 1162 castigati
766 1108 897 1148 sumus
923 1123 945 1148 a
969 1108 1102 1148 saneto
1125 1120 1299 1163 martyre
1320 1109 1511 1150 Leontio.
1538 1110 1592 1151 Et
1613 1111 1750 1165 egressi
1771 1113 1891 1152 ambo

527 1188 541 1207 «
568 1168 680 1208 simul
698 1168 951 1208 cucurrimus
968 1168 1016 1207 ad
1034 1170 1286 1222 martyrium,
1301 1169 1327 1209 fi
1345 1170 1495 1210 ibidem
1509 1185 1581 1211 vos
1597 1171 1894 1224 conpreedere-

527 1247 541 1266 «
568 1242 670 1268 mus.
690 1226 744 1267 Et
760 1241 885 1280 quum
908 1227 986 1266 iam
1004 1227 1172 1280 profecti
1190 1226 1367 1279 fuissetis,
1387 1243 1462 1282 ego
1479 1230 1546 1268 vix
1562 1230 1675 1282 potui
1691 1229 1893 1270 verederis

528 1305 542 1323 «
570 1285 655 1342 (stc)
675 1299 747 1325 vos
764 1285 1078 1337 adprehendere.
1101 1286 1212 1326 Nam
1233 1287 1386 1326 coniux
1404 1301 1493 1327 mea
1513 1301 1584 1340 pro
1606 1301 1670 1326 me
1687 1287 1895 1341 supplicat,

528 1364 542 1382 (ς
569 1345 664 1398 quia
678 1344 760 1396 ipsa
771 1342 878 1396 sequi
895 1357 977 1382 non
992 1344 1136 1396 potuit.
1152 1344 1361 1398 Rogamus
1373 1359 1469 1398 ergo
1485 1356 1529 1385 ut
1546 1345 1757 1399 ignoscatis
1777 1345 1894 1386 nobis

529 1422 544 1441 «
569 1404 606 1444 &
624 1401 746 1442 oretis
768 1416 841 1454 pro
863 1402 979 1442 nobis
1001 1402 1293 1455 ignorantibus.
1315 1420 1331 1440 >>
1353 1404 1479 1443 Tunc
1495 1405 1570 1444 hec
1587 1404 1795 1444 audientes
1812 1405 1896 1457 egi-

528 1477 617 1503 mus
634 1461 728 1502 Deo
744 1461 890 1513 gratias
907 1460 945 1500 ὅτ
962 1460 1013 1500 fic
1029 1461 1270 1514 suscepimus
1291 1473 1367 1503 tres
1387 1462 1475 1502 illos
1496 1462 1642 1503 solidos
1663 1462 1701 1502 &
1718 1462 1896 1503 reversus

527 1522 582 1568 est
598 1520 664 1561 ille
681 1518 840 1559 curialis
857 1532 951 1558 cum
968 1520 1129 1572 gaudio,
1146 1531 1312 1573 accepta
1328 1521 1612 1561 benedicitione
1628 1535 1650 1560 a
1666 1521 1895 1561 beatiffima.

527 1585 582 1626 Et
596 1593 691 1622 cum
704 1591 844 1617 omnes
862 1578 910 1616 de
926 1579 1004 1617 hoc
1022 1578 1275 1629 miraremur,
1293 1579 1390 1619 dicit
1407 1579 1641 1619 beatiffima:
1659 1596 1674 1616 «
1690 1579 1896 1620 Confidite

531 1660 545 1679 «
572 1638 766 1695 quoniam
787 1650 835 1675 ex
857 1634 952 1675 Deo
973 1635 1029 1674 est
1048 1636 1123 1675 iter
1143 1636 1337 1676 nostrum.
1363 1653 1378 1672 »
1403 1636 1457 1676 Et
1471 1651 1546 1677 nos
1568 1637 1615 1676 ab
1634 1638 1807 1677 invicem
1830 1651 1897 1677 ro-

526 1701 720 1755 gabamus
741 1694 916 1734 sannam
933 1704 976 1733 ut
992 1694 1189 1735 indicaret
1205 1696 1427 1735 misterium
1443 1695 1569 1735 cause.
1593 1696 1898 1749 Suspicabamur

528 1760 637 1800 enim
661 1754 769 1810 quod
793 1753 943 1806 aliquid
965 1754 1001 1792 ei
1024 1753 1220 1793 ostensum
1239 1753 1368 1794 fuiffet
1388 1769 1558 1807 quoram
1576 1755 1778 1795 ominibus
1802 1755 1899 1810 (stc),

529 1818 663 1858 dicere
684 1813 784 1853 mihi
804 1811 990 1852 secretius
1018 1811 1280 1866 dignabatur:
1306 1830 1320 1849 «
1349 1812 1463 1868 Quia
1483 1828 1553 1866 per
1573 1824 1701 1853 totam
1722 1814 1899 1865 noctem,

533 1895 547 1914 «
574 1874 728 1929 inquid,
763 1871 1004 1924 pervigilans
1037 1873 1171 1925 rogavi
1203 1872 1416 1911 dominum
1438 1872 1476 1912 δε
1495 1872 1672 1912 sanctum
1695 1873 1899 1913 martirem

533 1954 547 1973 «
574 1945 617 1975 ut
632 1933 749 1973 nobis
765 1930 929 1984 aliquod
951 1929 1104 1983 signum
1120 1930 1387 1981 hostenderet,
1405 1929 1430 1969 fi
1452 1931 1670 1971 secundum
1692 1931 1831 1971 Deum
1845 1932 1901 1972 est

533 2013 548 2031 «
574 1996 649 2034 iter
669 1990 863 2040 nostrum,
889 1990 1087 2029 retinebat
1109 1990 1195 2029 iter.
1222 2006 1236 2025 »
1261 1990 1386 2030 Tunc
1408 2005 1502 2030 cum
1522 1991 1669 2043 gaudio
1686 1991 1760 2030 iter
1779 2005 1900 2045 agen-

531 2066 589 2094 tes
605 2053 762 2092 ibamus
786 2049 824 2089 &
845 2063 939 2088 cum
965 2049 1113 2102 gaudio
1144 2050 1193 2088 ab
1228 2050 1416 2090 omnibus
1437 2049 1758 2103 suscipiebamur,
1783 2049 1898 2089 multi

530 2113 639 2153 enim
660 2110 697 2151 &
717 2106 887 2149 visiones
908 2107 942 2147 se
964 2106 1101 2168 vidisse
1123 2108 1312 2148 dicebant
1333 2109 1381 2148 de
1402 2110 1577 2149 adventu
1599 2110 1683 2149 eius
1689 2140 1748 2148 .....
1771 2127 1784 2145 »

626 2214 844 2258 [Anonymus
859 2223 1004 2253 coaevus,
1024 2210 1140 2254 Vitas
1154 2210 1501 2253 Melaniae,senatricis
1522 2212 1623 2244 Romae
1640 2211 1734 2255 (Par.
1754 2212 1791 2243 B.
1809 2211 1901 2252 Nat„

531 2278 562 2298 n.
590 2277 663 2309 aeq.
693 2265 748 2298 lat.
777 2268 878 2306 2178,
909 2277 963 2305 m.,
993 2264 1025 2296 in
1049 2264 1210 2307 Hispania
1228 2263 1343 2296 litteris
1362 2263 1563 2307 vistgotlzicis
1581 2271 1769 2305 exaratum,
1801 2263 1820 2296 s.
1840 2264 1900 2305 XI,

531 2318 564 2350 ff.
596 2319 767 2361 248-253)
784 2334 791 2358 ς
825 2337 866 2341 —-
886 2317 982 2359 fhliis
1010 2317 1171 2360 aliquibus
1192 2315 1332 2359 avuffis,
1360 2328 1427 2358 quae
1446 2318 1494 2348 ad
1512 2316 1668 2359 reliquum
1686 2316 1746 2348 iter
1770 2319 1810 2349 de
1827 2316 1901 2349 ‘Iri-

528 2370 594 2413 poli
619 2371 906 2415 Constantinopolim
939 2371 975 2402 δέ
999 2372 1039 2403 de
1069 2368 1327 2412 Constantinopoli
1358 2369 1604 2412 Hierosogymam
1624 2368 1819 2412 speelabant
1846 2370 1901 2402 de-

522 2424 625 2467 sunt,
654 2432 769 2457 caetera
789 2432 907 2467 autem,
922 2423 967 2466 ff.
991 2434 1220 2466 254a-257a,
1233 2421 1360 2464 sanc‘t‘ae
1379 2422 1532 2455 Melaniae
1550 2429 1679 2455 mortem
1695 2421 1803 2466 fustus
1821 2434 1901 2455 nar-

532 2477 638 2521 rant]

589 2590 604 2609 <c
631 2572 763 2612 saneti
779 2571 848 2627 filij
872 2586 1125 2622 communes,
1149 2570 1311 2621 Albina,
1337 2570 1525 2610 Pinianus
1547 2570 1585 2610 ἃ
1607 2569 1790 2611 Melania
1811 2569 1901 2624 plu-

532 2632 680 2671 rimum
710 2645 781 2672 vos
809 2631 988 2671 salutant.
1019 2630 1103 2670 Has
1135 2630 1285 2669 litteras
1321 2629 1369 2669 de
1404 2630 1538 2669 sancto
1554 2629 1736 2670 Bethleem
1767 2629 1900 2669 saneto

535 2689 767 2744 presbytero
788 2687 1031 2729 Innocentio
1054 2689 1145 2728 dedi
1170 2688 1434 2742 perferendas,
1461 2705 1476 2725 ›>
