2131 3552
631 221 645 253 1
658 219 715 254 20
1193 204 1405 273 406-407

505 365 602 430 406
622 366 855 412 SISINNIUS
889 371 1102 412 monachus
1131 386 1152 410 α
1174 370 1214 427 s.
1249 371 1460 428 Exuperio,
1486 369 1682 430 ‘Tolosano
1707 372 1904 432 episcopo,
1935 374 1985 416 ad

608 439 651 497 s.
678 440 959 497 Hieronymum
985 439 1130 498 miffus.
1169 447 1266 490 (141)

677 541 691 561 «
718 524 879 564 Ultimo
901 524 978 564 iarn
1010 526 1192 564 autumni
1226 536 1409 580 tempore
1439 527 1560 567 frater
1579 525 1724 576 noster,
1755 525 1859 567 filius
1880 538 1985 579 tuus,

620 581 810 633 Sifinnius
849 583 1084 634 monachus,
1122 594 1199 624 tuae
1230 585 1327 625 mihi
1376 585 1619 639 dignationis
1650 584 1858 638 epistolam
1892 587 1984 627 red-

620 640 722 681 didit
741 671 900 681 ......
926 658 941 677 >>

715 724 1022 823 [S.)I]{ieronymus,
1051 725 1205 768 Praefiztio
1227 727 1261 760 in
1278 727 1477 761 Zachariam
1495 728 1652 774 (Migne,
1669 730 1761 762 Patr.
1786 729 1857 770 lat„
1874 730 1986 770 XXV,

620 790 647 811 c.
671 781 756 821 1485
781 804 787 811 .

677 874 690 894 a
726 856 771 897 In
809 858 892 911 ipso
928 859 1005 898 iarn
1042 859 1305 911 profectionis
1338 855 1509 901 articulo
1544 861 1664 902 saneti
1700 862 1830 903 fratris
1864 861 1986 902 nostri

621 916 790 970 Sifinnij,
811 918 878 970 qui
895 917 1023 957 vestra
1042 918 1139 957 mihi
1163 918 1304 972 scripta
1325 919 1534 970 detulerat,
1554 921 1654 971 haec,
1674 921 1986 975 qualiacumque

621 975 721 1027 sunt,
742 976 893 1016 dietare
914 976 1141 1030 compellor
1160 1008 1169 1017 .
1191 1008 1200 1018 .
1221 1009 1230 1017 .
1250 1008 1258 1017 .
1285 994 1300 1014 »

716 1055 835 1097 [Idem‚
865 1055 999 1099 Epzstola
1027 1056 1153 1097 CXIX,
1194 1057 1242 1088 ad
1270 1055 1480 1090 Minervium
1509 1057 1545 1089 δ’
1565 1055 1793 1090 Alexandrum
1822 1058 1987 1091 monachos

621 1108 770 1152 (Migne,
790 1109 880 1141 Patr.
900 1108 971 1149 la1.‚
991 1109 1108 1149 XXII,
1126 1119 1153 1141 c.
1174 1107 1285 1152 966).]

321 1218 407 1248 ant.
432 1220 470 1248 a.
505 1202 600 1266 406
621 1207 864 1252 AUSONIUS
887 1209 1047 1266 quidam
1073 1208 1283 1251 Dalmata.
1325 1214 1427 1258 (142)

677 1316 691 1335 «
716 1298 844 1339 Filius
875 1313 1001 1350 meus,
1036 1299 1153 1339 frater
1181 1309 1285 1349 tuus,
1319 1299 1536 1348 Ausonius,
1557 1298 1596 1337 in
1625 1298 1706 1351 ipso
1729 1299 1807 1337 iam
1829 1299 1986 1351 profec-

621 1357 742 1398 tionis
777 1357 961 1408 articulo,
994 1372 1088 1397 cum
1121 1358 1218 1396 mihi
1252 1357 1500 1410 praesentiam
1535 1358 1587 1396 sui
1619 1357 1730 1397 tarde
1765 1356 1987 1398 dediffet&

619 1417 701 1456 cito
736 1415 962 1466 abstuliffet,
992 1427 1111 1470 atque
1133 1417 1171 1455 in
1195 1417 1346 1469 puncto
1368 1417 1563 1470 temporis
1585 1415 1687 1455 salve
1709 1417 1858 1469 pariter
1878 1417 1987 1457 vale-

621 1490 699 1529 que
720 1474 887 1526 dixisset,
920 1489 1094 1515 vacuum
1128 1474 1164 1514 se
1197 1475 1325 1515 redire
1354 1476 1564 1516 arbitratus
1600 1475 1668 1526 est,
1701 1475 1771 1515 nifi
1805 1490 1987 1516 mearum

621 1533 771 1586 aliquid
801 1533 849 1573 ad
873 1544 910 1572 te
931 1547 1140 1586 nugarum,
1172 1533 1435 1573 tumultuario
1456 1533 1638 1573 sermone
1660 1545 1836 1587 portaret
1857 1565 1986 1575 .....

621 1591 675 1632 Et
690 1607 785 1632 ecce
807 1592 878 1631 tibi
896 1592 1028 1632 noster
1044 1593 1247 1632 Ausonius
1269 1593 1395 1646 coepit
1415 1592 1620 1634 schedulas
1639 1592 1828 1646 flagitare,
1848 1608 1988 1647 urgere

620 1653 801 1691 notarios
840 1652 876 1692 &
916 1652 1075 1691 hinnitu
1114 1651 1301 1691 ferventis
1345 1652 1437 1704 equi
1478 1651 1668 1705 ingenioli
1709 1653 1787 1691 mei
1828 1652 1989 1693 festinus

621 1723 786 1763 arguere
808 1711 1049 1750 tarditatem.
1075 1727 1089 1746 »

717 1788 762 1833 [S.
789 1788 1027 1834 Hieronymus,
1056 1788 1190 1833 Epistola
1214 1789 1369 1830 CXVlII,
1392 1790 1440 1821 ad
1456 1788 1620 1822 Iulianum
1639 1789 1792 1833 (Migne‚
1810 1789 1898 1822 Patr.
1917 1788 1988 1832 lat.,

621 1843 733 1884 XXII,
753 1854 783 1875 c.
804 1844 913 1885 960).]

389 1937 604 2000 406-407
625 1942 922 1987 APODEMIUS
946 1943 1106 2000 quidam
1132 1960 1176 1985 ex
1202 1942 1358 1986 Gallia.
1396 1947 1493 1991 (143)

678 2050 692 2069 «
718 2031 863 2085 Ignota
893 2033 1020 2084 vultu,
1051 2032 1144 2072 fidei
1171 2033 1269 2072 mihi
1305 2032 1446 2072 ardore
1474 2033 1671 2073 notiffima
1690 2047 1742 2073 es.
1778 2032 1832 2072 Et
1852 2033 1901 2072 de
1921 2047 1990 2073 ex-

622 2092 762 2131 tremis
799 2091 942 2132 Gallia
981 2091 1128 2132 finibus
1165 2092 1203 2131 in
1237 2091 1502 2131 Bethleemitico
1541 2105 1629 2131 rure
1670 2091 1907 2142 latitantem,
1940 2092 1987 2132 ad

622 2150 947 2204 respondendum
966 2165 1177 2204 provocas,
1201 2151 1249 2190 de
1267 2150 1489 2190 sanctarum
1506 2150 1803 2205 quaestiunculis
1820 2150 1989 2203 scriptu-

622 2224 769 2260 rarum,
801 2224 870 2262 per
889 2211 1099 2250 hominem
1123 2209 1218 2260 Dei,
1244 2209 1372 2249 filium
1394 2224 1544 2260 meum,
1565 2211 1857 2263 Apodemium,
1877 2223 1991 2248 corn-

624 2268 935 2308 monitoriolum
957 2269 1132 2322 dirigens
1153 2300 1161 2308 .
1185 2300 1192 2308 .
1214 2299 1222 2307 .
1244 2299 1251 2307 .
1274 2300 1282 2307 .
1309 2286 1322 2304 »

717 2348 758 2388 [S.
780 2347 1020 2393 Hieronymus,
1051 2347 1185 2391 Epistola
1213 2349 1323 2387 CXX,
1341 2349 1388 2380 ad
1414 2348 1600 2388 Hedibiam,
1628 2354 1810 2380 matronam
1832 2346 1991 2390 gallicam

622 2398 778 2443 (Migne,
799 2402 887 2433 Patr.
909 2401 983 2442 lat„
1002 2402 1112 2442 XXII,
1131 2412 1159 2433 c.
1182 2400 1287 2445 981).]

678 2496 693 2515 «
720 2479 846 2521 Filius
874 2495 987 2522 meus
1010 2481 1278 2534 Apodemius,
1311 2480 1377 2532 qui
1410 2479 1784 2532 interpretationem
1813 2479 1990 2519 nominis

624 2537 691 2588 sui,
712 2538 833 2593 longa
852 2540 900 2579 ad
922 2554 996 2580 nos
1017 2541 1181 2580 veniens
1203 2540 1470 2593 navigatione,
1500 2537 1678 2592 signavit,
1698 2537 1736 2577 &
1757 2539 1806 2577 de
1829 2538 1988 2580 Oceani

623 2596 758 2636 littore
802 2608 921 2652 atque
965 2599 1116 2639 ultimis
1154 2598 1376 2638 Galliarum
1409 2597 1574 2648 finibus,
1621 2596 1745 2637 Roma
1780 2597 1991 2650 praeterita,

623 2653 803 2708 quaesivit
842 2657 1037 2707 Bethleem,
1075 2667 1117 2696 ut
1159 2656 1357 2695 inveniret
1391 2656 1429 2694 in
1468 2670 1513 2695 ea
1541 2653 1746 2695 coelestem
1778 2668 1923 2708 panem
1952 2654 1989 2695 &

623 2713 815 2754 saturatus
846 2716 1043 2755 eructaret
1075 2716 1114 2754 in
1138 2714 1337 2765 Domino,
1370 2729 1415 2754 ac
1437 2715 1612 2753 diceret:
1650 2731 1664 2750 «
1690 2712 1902 2753 E1·u&avit
1921 2727 1992 2753 cor
