2131 3552
548 210 613 258 44
1166 195 1304 259 (325)

549 351 713 391 invenit.
744 351 813 391 De
838 365 920 391 uno
949 350 1065 391 clavo
1087 351 1220 391 frenos
1249 350 1337 391 fieri
1358 349 1562 403 praecepit,
1594 349 1644 389 de
1676 347 1804 387 altero
1835 347 1920 387 dia-

549 411 667 450 dema
696 411 888 450 intexuit:
920 424 1046 450 unum
1067 410 1114 449 ad
1137 409 1341 460 decorem,
1371 408 1544 449 alterum
1577 408 1624 447 ad
1657 405 1920 447 devotionem

547 469 852 509 vertit.Vis1tata
868 469 922 508 est
940 469 1077 509 Maria
1092 479 1135 508 ut
1151 467 1281 507 Evam
1298 468 1507 516 liberaret3
1524 465 1678 506 vifitata
1691 465 1745 505 est
1761 464 1922 504 Helena

549 538 593 568 ut
613 528 875 581 imperatores
896 528 1198 567 redimerentur.
1232 526 1344 567 Mifit
1365 527 1499 580 itaque
1521 525 1605 565 filio
1627 524 1696 564 suo
1718 523 1921 565 Constan-

550 586 635 624 tino
648 586 833 635 diadema
848 587 1019 639 gemmis
1035 585 1278 638 insignitum,
1295 598 1393 638 quas
1410 583 1616 637 pretiosior
1631 584 1734 622 ferro
1753 582 1920 621 innexas

548 645 678 685 crucis
711 645 1003 697 redemptionis
1037 645 1185 683 divinae
1217 656 1379 697 gemma
1412 641 1697 692 connecteret,
1746 638 1850 680 misit
1884 638 1922 679 &

550 704 719 743 frenum.
750 703 940 757 Utroque
970 702 1057 742 usus
1084 702 1138 742 est
1159 701 1464 752 Constantinus,
1495 700 1533 740 &
1562 700 1683 740 fidem
1713 697 1922 740 transmisit

549 763 596 802 ad
631 762 808 815 posteros
835 775 958 815 reges.
994 761 1246 814 Principium
1284 761 1420 813 itaque
1454 760 1706 799 credentium
1750 759 1922 812 impera-

550 831 685 861 torum
706 821 884 862 sanetum
913 820 968 861 est
1003 822 1111 874 quod
1135 821 1248 873 super
1276 820 1432 859 frenum
1461 818 1620 869 (Zach.,
1649 830 1736 868 XIV,
1757 818 1845 869 20);
1875 832 1923 857 ex

551 879 620 920 illo
640 879 751 931 fides,
773 892 814 921 ut
835 880 1058 934 persecutio
1079 879 1255 929 cessaret,
1275 878 1440 917 devotio
1462 877 1700 917 succederet.
1727 894 1742 913 >›

645 974 690 1019 [S.
709 974 924 1017 Ambrofius,
954 976 1004 1008 De
1026 973 1111 1007 obitu
1135 972 1299 1017 ‘Theodofij
1321 972 1424 1007 oratio
1454 974 1601 1018 (Migne,
1629 975 1719 1007 Patr.
1739 972 1809 1015 lat„
1829 972 1924 1013 XVI,

549 1038 596 1060 cc.
621 1027 860 1071 1399-1402).]

607 1150 621 1170 «
658 1131 763 1172 Item
797 1132 942 1186 scripta
977 1133 1025 1171 de
1060 1132 1295 1172 inventione
1331 1132 1475 1173 Crucis
1509 1133 1740 1183 dominicae,
1774 1132 1812 1173 &
1848 1132 1925 1171 alia

551 1192 696 1245 scripta
717 1192 765 1231 de
788 1192 1020 1231 inventione
1041 1191 1183 1244 capitis
1204 1189 1368 1230 Ioannis
1390 1190 1591 1244 Baptistae,
1620 1190 1792 1231 novellae
1814 1206 1924 1244 quae-

550 1253 643 1290 dam
671 1250 885 1290 relationes
915 1249 1002 1289 sunt
1022 1250 1060 1290 &
1089 1249 1274 1288 nonnulli
1309 1264 1374 1290 eas
1409 1249 1600 1290 catholici
1629 1250 1780 1303 legunt.
1816 1251 1925 1291 Cum

549 1311 635 1349 haec
667 1310 713 1348 ad
742 1309 1039 1348 catholicorum
1069 1322 1211 1348 manus
1233 1319 1516 1361 pervenerunt,
1547 1308 1652 1348 beati
1684 1307 1793 1349 Pauli
1827 1322 1926 1362 prae-

550 1369 667 1408 cedat
686 1368 897 1407 sententia:
922 1385 937 1404 «
965 1368 1122 1408 Omnia
1138 1367 1318 1420 probate,
1350 1367 1459 1420 quod
1487 1368 1641 1407 bonum
1670 1367 1726 1407 est
1758 1378 1923 1408 tenete»

551 1434 579 1475 (1
600 1426 647 1466 ad
669 1424 824 1477 Theff„
844 1438 884 1477 V,
904 1426 983 1478 21).

645 1509 832 1555 [Concilium
853 1512 1029 1544 Romanum
1040 1509 1195 1554 primum,
1219 1522 1289 1553 494
1308 1510 1460 1554 (Labbe,
1477 1509 1631 1554 Concilio,
1650 1512 1709 1550 1V,
1733 1522 1764 1545 c.
1796 1515 1856 1544 128
1866 1512 1926 1554 3).]

607 1636 623 1656 «
649 1619 782 1659 Huius
805 1618 1090 1672 [Constantini]
1115 1629 1313 1672 ternpore,
1343 1619 1573 1659 venerabile
1605 1620 1737 1660 crucis
1773 1620 1926 1660 Domi-

551 1678 652 1717 nicae
681 1677 836 1731 lignum
866 1692 936 1730 per
964 1677 1139 1716 studium
1161 1677 1330 1717 Helenae
1364 1678 1502 1718 matris
1531 1679 1616 1718 eius
1636 1689 1839 1732 repertum
1859 1680 1926 1731 est,

553 1737 750 1789 prodente
779 1734 879 1776 Iuda
908 1736 1100 1787 Hebraeo,
1134 1736 1202 1789 qui
1234 1735 1322 1789 post
1348 1736 1590 1790 baptismum
1621 1736 1841 1793 Quiriacus
1872 1737 1928 1777 est

551 1806 763 1835 vocitatus.
792 1811 807 1831 »

647 1884 804 1929 [Gregor.
836 1883 1052 1926 Tmonenfis,
1079 1883 1158 1927 Hist.
1181 1885 1313 1925 Franc.‚
1338 1884 1357 1918 l.
1387 1886 1416 1926 Ι,
1444 1896 1474 1918 c.
1495 1896 1537 1926 34
1565 1884 1720 1929 (Migne,
1741 1886 1831 1918 Patr.
1856 1885 1927 1928 lat„

552 1939 648 1979 XXI,
666 1949 694 1971 c.
717 1937 829 1982 179).]
1398 1949 1403 1954 ·

599 2008 667 2050 (Cf.
681 2010 763 2042 Abla
775 2007 995 2053 apoctjypltas.
1009 2009 1099 2042 Iudae
1113 2007 1279 2050 Quiriaci,
1293 2008 1432 2051 l.1[AA.
1448 2010 1500 2041 SS.
1515 2008 1604 2050 Boll.,
1619 2008 1717 2051 Mai.‚
1730 2011 1758 2050 I,
1772 2022 1825 2054 pp.
1843 2022 1927 2054 445-

551 2063 648 2105 447]‚
664 2062 694 2095 &
717 2064 883 2096 Comment.
902 2062 943 2094 de
959 2061 1087 2094 invent.
1101 2060 1135 2104 s.
1149 2061 1262 2095 Crucis
1281 2061 1394 2106 [Ibid.‚
1412 2073 1442 2106 p.
1469 2064 1530 2099 362
1553 2062 1584 2094 &
1605 2062 1670 2106 s.].)

609 2188 625 2208 ‹<
645 2171 708 2211 De
724 2186 829 2211 cruce
841 2171 1126 2211 &mirabilibus
1144 2171 1218 2210 eius
1234 2171 1340 2224 apud
1353 2170 1563 2210 PiHavum.
1580 2195 1622 2199 —
1639 2171 1752 2212 Crux
1770 2170 1923 2211 Domi-

553 2230 657 2281 nica,
683 2245 773 2284 quae
801 2230 849 2270 ab
878 2229 1038 2269 Helena
1065 2239 1221 2283 reperta
1253 2229 1308 2269 est
1336 2229 1613 2288 Hierosolymis,
1642 2229 1696 2269 ita
1726 2240 1866 2283 quarta
1885 2230 1923 2271 &

554 2288 659 2329 sexta
679 2289 777 2328 feria
796 2289 985 2329 adoratur
1004 2319 1169 2328 ......

606 2348 670 2387 De
684 2348 887 2388 inventione
903 2348 1109 2388 clavorum.
1127 2372 1175 2376 —
1193 2347 1367 2401 Speciofi
1384 2358 1519 2387 autem
1541 2348 1735 2401 omnique
1757 2348 1923 2388 metallo

553 2406 772 2447 nobiliores
801 2406 1035 2446 Dominicae
1059 2407 1189 2446 crucis
1212 2401 1419 2459 clavi,'qui
1442 2406 1557 2446 beata
1579 2407 1762 2446 membra
1783 2417 1924 2447 tenue-

555 2476 662 2516 runt,
681 2466 729 2505 ab
752 2465 910 2505 Helena
931 2465 1080 2519 regina,
1101 2465 1188 2518 post
1205 2464 1323 2518 ipfius
1344 2465 1460 2505 sacrae
1481 2466 1610 2505 crucis
1632 2466 1929 2517 inventionem,'

555 2525 702 2578 reperti
724 2524 828 2564 sunt:
851 2525 889 2565 δε
905 2525 953 2563 de
970 2524 1129 2563 duobus
1150 2525 1316 2578 quidem
1337 2524 1496 2564 frenum
1519 2525 1768 2578 imperatoris
1790 2525 1924 2564 muni-

554 2584 625 2635 vit,
657 2599 738 2637 quo
767 2583 934 2634 facilius,
969 2581 994 2622 fi
1025 2582 1197 2622 adversae
1223 2593 1361 2636 gentes
1392 2582 1616 2623 restitissent
1637 2583 1822 2636 principi,
1847 2584 1922 2624 hac

555 2644 700 2683 virtute
730 2643 970 2696 fugarentur.
1003 2641 1069 2682 De
1099 2642 1244 2695 quibus
1276 2656 1357 2681 non
1388 2641 1443 2681 est
1471 2642 1655 2695 ignotum
1677 2642 1922 2682 Zachariam

555 2700 783 2743 vaticinaffe
810 2701 1075 2756 prophetam:
1101 2718 1115 2737 «
1141 2700 1244 2752 Erit,
1264 2701 1408 2754 inquit,
1429 2701 1538 2755 quod
1562 2701 1600 2741 in
1623 2715 1668 2741 os
1688 2701 1782 2755 equi
1804 2702 1922 2755 poni-
