<?xml version="1.0" encoding="UTF-8"?>
<!DOCTYPE html PUBLIC "-//W3C//DTD XHTML 1.0 Transitional//EN"
    "http://www.w3.org/TR/xhtml1/DTD/xhtml1-transitional.dtd">
<html xmlns="http://www.w3.org/1999/xhtml" xml:lang="en" lang="en">
 <head>
  <title>
</title>
<meta http-equiv="Content-Type" content="text/html;charset=utf-8" />
  <meta name='ocr-system' content='tesseract 3.04.00' />
  <meta name='ocr-capabilities' content='ocr_page ocr_carea ocr_par ocr_line ocrx_word'/>
</head>
<body>
  <div class='ocr_page' id='page_1' title='image "./p1itinerahierosoly02tobl_0087.png"; bbox 0 0 2131 3552; ppageno 0'>
   <div class='ocr_carea' id='block_1_1' title="bbox 815 240 1546 307">
    <p class='ocr_par' dir='ltr' id='par_1_1' title="bbox 815 240 1546 307">
     <span class='ocr_line' id='line_1_1' title="bbox 815 240 1546 307; baseline 0.007 -5"><span class='ocrx_word' id='word_1_1' title='bbox 815 240 952 302; x_wconf 80' lang='lat'><em>(380)</em></span> <span class='ocrx_word' id='word_1_2' title='bbox 1491 257 1546 307; x_wconf 84' lang='lat'>73</span> 
     </span>
    </p>
   </div>
   <div class='ocr_carea' id='block_1_2' title="bbox 194 393 1556 978">
    <p class='ocr_par' dir='ltr' id='par_1_2' title="bbox 196 393 1549 498">
     <span class='ocr_line' id='line_1_2' title="bbox 196 393 1549 446; baseline 0.006 -14"><span class='ocrx_word' id='word_1_3' title='bbox 196 393 414 446; x_wconf 89' lang='lat' dir='ltr'>perspicua,</span> <span class='ocrx_word' id='word_1_4' title='bbox 452 394 587 434; x_wconf 86' lang='lat' dir='ltr'>beatus</span> <span class='ocrx_word' id='word_1_5' title='bbox 618 395 804 434; x_wconf 88' lang='lat' dir='ltr'>videlicet</span> <span class='ocrx_word' id='word_1_6' title='bbox 827 396 1062 446; x_wconf 83' lang='lat' dir='ltr'>Venantius,</span> <span class='ocrx_word' id='word_1_7' title='bbox 1091 396 1264 436; x_wconf 89' lang='lat' dir='ltr'>eiusdem</span> <span class='ocrx_word' id='word_1_8' title='bbox 1296 397 1318 436; x_wconf 90' lang='lat' dir='ltr'>s.</span> <span class='ocrx_word' id='word_1_9' title='bbox 1355 399 1549 441; x_wconf 83' lang='lat' dir='ltr'>Honorati</span> 
     </span>
     <span class='ocr_line' id='line_1_3' title="bbox 196 452 1498 498; baseline 0.005 -7"><span class='ocrx_word' id='word_1_10' title='bbox 196 452 313 492; x_wconf 86' lang='lat' dir='ltr'>frater</span> <span class='ocrx_word' id='word_1_11' title='bbox 383 484 390 492; x_wconf 95' lang='lat'><strong>.</strong></span> <span class='ocrx_word' id='word_1_12' title='bbox 447 483 454 492; x_wconf 92' lang='lat'><strong>.</strong></span> <span class='ocrx_word' id='word_1_13' title='bbox 512 484 520 492; x_wconf 92' lang='lat'><strong>.</strong></span> <span class='ocrx_word' id='word_1_14' title='bbox 577 484 584 492; x_wconf 92' lang='lat'><strong>.</strong></span> <span class='ocrx_word' id='word_1_15' title='bbox 643 452 650 491; x_wconf 83' lang='grc'>.“</span> <span class='ocrx_word' id='word_1_16' title='bbox 707 483 1498 498; x_wconf 92' lang='grc'><strong>.............</strong></span> 
     </span>
    </p>

    <p class='ocr_par' dir='ltr' id='par_1_3' title="bbox 194 509 1556 978">
     <span class='ocr_line' id='line_1_4' title="bbox 250 509 1553 567; baseline 0.005 -17"><span class='ocrx_word' id='word_1_17' title='bbox 250 536 263 546; x_wconf 44' lang='lat' dir='ltr'>s»</span> <span class='ocrx_word' id='word_1_18' title='bbox 283 511 369 567; x_wconf 71' lang='lat' dir='ltr'>Qui</span> <span class='ocrx_word' id='word_1_19' title='bbox 390 509 634 564; x_wconf 73' lang='lat' dir='ltr'>{Capraslusl</span> <span class='ocrx_word' id='word_1_20' title='bbox 653 512 790 551; x_wconf 86' lang='lat' dir='ltr'>videns</span> <span class='ocrx_word' id='word_1_21' title='bbox 814 513 1026 564; x_wconf 58' lang='lat' dir='ltr'>praedictos</span> <span class='ocrx_word' id='word_1_22' title='bbox 1046 513 1304 567; x_wconf 83' lang='lat' dir='ltr'>egregiosque</span> <span class='ocrx_word' id='word_1_23' title='bbox 1326 516 1426 555; x_wconf 87' lang='lat' dir='ltr'>duos</span> <span class='ocrx_word' id='word_1_24' title='bbox 1445 517 1553 557; x_wconf 88' lang='lat' dir='ltr'>iuve—</span> 
     </span>
     <span class='ocr_line' id='line_1_5' title="bbox 194 570 1553 626; baseline 0.004 -18"><span class='ocrx_word' id='word_1_25' title='bbox 194 584 275 620; x_wconf 89' lang='lat' dir='ltr'>nes,</span> <span class='ocrx_word' id='word_1_26' title='bbox 297 571 502 611; x_wconf 88' lang='lat' dir='ltr'>Christum</span> <span class='ocrx_word' id='word_1_27' title='bbox 530 570 714 620; x_wconf 81' lang='lat' dir='ltr'>sitientes,</span> <span class='ocrx_word' id='word_1_28' title='bbox 745 570 1002 611; x_wconf 87' lang='lat' dir='ltr'>Honoratum</span> <span class='ocrx_word' id='word_1_29' title='bbox 1035 572 1220 613; x_wconf 89' lang='lat' dir='ltr'>videlicet</span> <span class='ocrx_word' id='word_1_30' title='bbox 1250 584 1368 626; x_wconf 89' lang='lat' dir='ltr'>atque</span> <span class='ocrx_word' id='word_1_31' title='bbox 1392 575 1553 615; x_wconf 87' lang='lat' dir='ltr'>Venan-</span> 
     </span>
     <span class='ocr_line' id='line_1_6' title="bbox 195 629 1551 685; baseline 0.005 -18"><span class='ocrx_word' id='word_1_32' title='bbox 195 629 308 678; x_wconf 83' lang='lat' dir='ltr'>tium,</span> <span class='ocrx_word' id='word_1_33' title='bbox 326 629 491 681; x_wconf 90' lang='lat' dir='ltr'>patriam</span> <span class='ocrx_word' id='word_1_34' title='bbox 509 642 554 668; x_wconf 91' lang='lat' dir='ltr'>ac</span> <span class='ocrx_word' id='word_1_35' title='bbox 572 640 752 682; x_wconf 88' lang='lat' dir='ltr'>parentes</span> <span class='ocrx_word' id='word_1_36' title='bbox 771 644 840 682; x_wconf 90' lang='lat' dir='ltr'>pro</span> <span class='ocrx_word' id='word_1_37' title='bbox 860 630 1020 670; x_wconf 85' lang='lat' dir='ltr'>Christo</span> <span class='ocrx_word' id='word_1_38' title='bbox 1039 630 1140 670; x_wconf 86' lang='lat' dir='ltr'>velle</span> <span class='ocrx_word' id='word_1_39' title='bbox 1156 631 1395 685; x_wconf 83' lang='lat' dir='ltr'>relinquere,</span> <span class='ocrx_word' id='word_1_40' title='bbox 1412 648 1551 673; x_wconf 88' lang='lat' dir='ltr'>eorum</span> 
     </span>
     <span class='ocr_line' id='line_1_7' title="bbox 195 687 1553 742; baseline 0.004 -16"><span class='ocrx_word' id='word_1_41' title='bbox 195 687 419 740; x_wconf 88' lang='lat' dir='ltr'>approbans</span> <span class='ocrx_word' id='word_1_42' title='bbox 441 687 702 740; x_wconf 82' lang='lat' dir='ltr'>propositum,</span> <span class='ocrx_word' id='word_1_43' title='bbox 724 702 793 741; x_wconf 92' lang='lat' dir='ltr'>per</span> <span class='ocrx_word' id='word_1_44' title='bbox 814 700 934 728; x_wconf 89' lang='lat' dir='ltr'>terras</span> <span class='ocrx_word' id='word_1_45' title='bbox 956 690 1160 742; x_wconf 89' lang='lat' dir='ltr'>mariaque</span> <span class='ocrx_word' id='word_1_46' title='bbox 1181 705 1250 730; x_wconf 89' lang='lat' dir='ltr'>eos</span> <span class='ocrx_word' id='word_1_47' title='bbox 1267 690 1410 730; x_wconf 83' lang='lat' dir='ltr'>affidue</span> <span class='ocrx_word' id='word_1_48' title='bbox 1431 694 1553 731; x_wconf 92' lang='lat' dir='ltr'>comi-</span> 
     </span>
     <span class='ocr_line' id='line_1_8' title="bbox 196 744 1554 801; baseline 0.004 -15"><span class='ocrx_word' id='word_1_49' title='bbox 196 757 297 786; x_wconf 82' lang='lat' dir='ltr'>tatus</span> <span class='ocrx_word' id='word_1_50' title='bbox 313 745 380 795; x_wconf 89' lang='lat' dir='ltr'>est,</span> <span class='ocrx_word' id='word_1_51' title='bbox 402 744 494 785; x_wconf 91' lang='lat' dir='ltr'>licet</span> <span class='ocrx_word' id='word_1_52' title='bbox 512 746 587 784; x_wconf 91' lang='lat' dir='ltr'>iam</span> <span class='ocrx_word' id='word_1_53' title='bbox 605 744 698 786; x_wconf 84' lang='lat' dir='ltr'>effet</span> <span class='ocrx_word' id='word_1_54' title='bbox 713 747 839 787; x_wconf 90' lang='lat' dir='ltr'>aetatis</span> <span class='ocrx_word' id='word_1_55' title='bbox 855 748 1048 801; x_wconf 88' lang='lat' dir='ltr'>gravitate</span> <span class='ocrx_word' id='word_1_56' title='bbox 1069 749 1288 789; x_wconf 67' lang='lat' dir='ltr'>confectus.</span> <span class='ocrx_word' id='word_1_57' title='bbox 1306 749 1554 792; x_wconf 84' lang='lat' dir='ltr'>Transcurfis</span> 
     </span>
     <span class='ocr_line' id='line_1_9' title="bbox 196 803 1555 860; baseline 0.004 -16"><span class='ocrx_word' id='word_1_58' title='bbox 196 805 313 858; x_wconf 85' lang='lat' dir='ltr'>igitur</span> <span class='ocrx_word' id='word_1_59' title='bbox 341 818 361 843; x_wconf 88' lang='lat' dir='ltr'>e</span> <span class='ocrx_word' id='word_1_60' title='bbox 390 803 604 844; x_wconf 75' lang='lat' dir='ltr'><em>Nicomedia</em></span> <span class='ocrx_word' id='word_1_61' title='bbox 627 805 825 845; x_wconf 79' lang='lat' dir='ltr'>immenfis</span> <span class='ocrx_word' id='word_1_62' title='bbox 853 817 965 845; x_wconf 80' lang='lat' dir='ltr'>terrae</span> <span class='ocrx_word' id='word_1_63' title='bbox 986 806 1181 860; x_wconf 90' lang='lat' dir='ltr'>marisque</span> <span class='ocrx_word' id='word_1_64' title='bbox 1210 807 1354 860; x_wconf 81' lang='lat' dir='ltr'>spatiis,</span> <span class='ocrx_word' id='word_1_65' title='bbox 1384 810 1443 848; x_wconf 92' lang='lat' dir='ltr'>vir</span> <span class='ocrx_word' id='word_1_66' title='bbox 1467 809 1555 849; x_wconf 91' lang='lat' dir='ltr'>Do-</span> 
     </span>
     <span class='ocr_line' id='line_1_10' title="bbox 194 862 1555 919; baseline 0.004 -17"><span class='ocrx_word' id='word_1_67' title='bbox 194 863 291 902; x_wconf 86' lang='lat' dir='ltr'>mini</span> <span class='ocrx_word' id='word_1_68' title='bbox 326 862 537 916; x_wconf 83' lang='lat' dir='ltr'>Caprafius</span> <span class='ocrx_word' id='word_1_69' title='bbox 571 877 663 903; x_wconf 93' lang='lat' dir='ltr'>cum</span> <span class='ocrx_word' id='word_1_70' title='bbox 699 864 856 904; x_wconf 89' lang='lat' dir='ltr'>duobus</span> <span class='ocrx_word' id='word_1_71' title='bbox 892 865 1089 919; x_wconf 87' lang='lat' dir='ltr'>regalibus</span> <span class='ocrx_word' id='word_1_72' title='bbox 1123 868 1306 919; x_wconf 86' lang='lat' dir='ltr'>gemmis,</span> <span class='ocrx_word' id='word_1_73' title='bbox 1341 868 1555 909; x_wconf 89' lang='lat' dir='ltr'>Honorato</span> 
     </span>
     <span class='ocr_line' id='line_1_11' title="bbox 194 921 1556 978; baseline 0.006 -18"><span class='ocrx_word' id='word_1_74' title='bbox 194 921 342 962; x_wconf 88' lang='lat' dir='ltr'>scilicet</span> <span class='ocrx_word' id='word_1_75' title='bbox 358 921 396 961; x_wconf 86' lang='lat'>&amp;</span> <span class='ocrx_word' id='word_1_76' title='bbox 414 922 631 972; x_wconf 90' lang='lat' dir='ltr'>Venantio,</span> <span class='ocrx_word' id='word_1_77' title='bbox 653 922 897 975; x_wconf 84' lang='lat' dir='ltr'>Cisalpinam</span> <span class='ocrx_word' id='word_1_78' title='bbox 920 924 1106 977; x_wconf 85' lang='lat' dir='ltr'>ingreffus</span> <span class='ocrx_word' id='word_1_79' title='bbox 1129 925 1391 978; x_wconf 87' lang='lat' dir='ltr'>provinciam,</span> <span class='ocrx_word' id='word_1_80' title='bbox 1413 927 1556 968; x_wconf 85' lang='lat' dir='ltr'>talibus</span> 
     </span>
    </p>
   </div>
   <div class='ocr_carea' id='block_1_3' title="bbox 194 979 1557 1080">
    <p class='ocr_par' dir='ltr' id='par_1_4' title="bbox 194 979 1557 1080">
     <span class='ocr_line' id='line_1_12' title="bbox 194 979 1557 1036; baseline 0.004 -16"><span class='ocrx_word' id='word_1_81' title='bbox 194 980 457 1034; x_wconf 84' lang='lat' dir='ltr'>lampadibus,</span> <span class='ocrx_word' id='word_1_82' title='bbox 492 979 583 1021; x_wconf 88' lang='lat' dir='ltr'>fidei</span> <span class='ocrx_word' id='word_1_83' title='bbox 620 982 709 1035; x_wconf 94' lang='lat' dir='ltr'>igne</span> <span class='ocrx_word' id='word_1_84' title='bbox 745 981 1002 1036; x_wconf 82' lang='lat' dir='ltr'>fulgentibus,</span> <span class='ocrx_word' id='word_1_85' title='bbox 1035 982 1205 1023; x_wconf 62' lang='lat' dir='ltr'>sanctam</span> <span class='ocrx_word' id='word_1_86' title='bbox 1243 984 1407 1025; x_wconf 90' lang='lat' dir='ltr'>insulam</span> <span class='ocrx_word' id='word_1_87' title='bbox 1442 986 1557 1026; x_wconf 90' lang='lat' dir='ltr'>Leri-</span> 
     </span>
     <span class='ocr_line' id='line_1_13' title="bbox 194 1038 595 1080; baseline 0 -1"><span class='ocrx_word' id='word_1_88' title='bbox 194 1039 355 1079; x_wconf 89' lang='lat' dir='ltr'>nensem</span> <span class='ocrx_word' id='word_1_89' title='bbox 377 1038 595 1080; x_wconf 88' lang='lat' dir='ltr'>illustravit.</span> 
     </span>
    </p>
   </div>
   <div class='ocr_carea' id='block_1_4' title="bbox 287 1129 1355 1178">
    <p class='ocr_par' dir='ltr' id='par_1_5' title="bbox 287 1129 1355 1178">
     <span class='ocr_line' id='line_1_14' title="bbox 287 1129 1355 1178; baseline 0.004 -16"><span class='ocrx_word' id='word_1_90' title='bbox 287 1129 425 1173; x_wconf 87' lang='lat' dir='ltr'>[Vitas.</span> <span class='ocrx_word' id='word_1_91' title='bbox 447 1130 604 1174; x_wconf 65' lang='lat' dir='ltr'>capt-asti,</span> <span class='ocrx_word' id='word_1_92' title='bbox 625 1143 651 1162; x_wconf 67' lang='lat' dir='ltr'>e.</span> <span class='ocrx_word' id='word_1_93' title='bbox 671 1144 727 1173; x_wconf 83' lang='lat'>4-5</span> <span class='ocrx_word' id='word_1_94' title='bbox 750 1133 838 1173; x_wconf 84' lang='lat' dir='ltr'><em>(AA.</em></span> <span class='ocrx_word' id='word_1_95' title='bbox 864 1133 911 1163; x_wconf 86' lang='lat' dir='ltr'>SS.</span> <span class='ocrx_word' id='word_1_96' title='bbox 937 1132 1023 1173; x_wconf 64' lang='lat' dir='ltr'>Ball„</span> <span class='ocrx_word' id='word_1_97' title='bbox 1045 1145 1055 1164; x_wconf 94' lang='lat'>1</span> <span class='ocrx_word' id='word_1_98' title='bbox 1078 1134 1148 1165; x_wconf 90' lang='lat' dir='ltr'>Iun.</span> <span class='ocrx_word' id='word_1_99' title='bbox 1169 1134 1196 1173; x_wconf 89' lang='lat'>1,</span> <span class='ocrx_word' id='word_1_100' title='bbox 1215 1145 1245 1177; x_wconf 91' lang='lat' dir='ltr'>p.</span> <span class='ocrx_word' id='word_1_101' title='bbox 1271 1134 1355 1178; x_wconf 80' lang='lat'>78).]</span> 
     </span>
    </p>
   </div>
   <div class='ocr_carea' id='block_1_5' title="bbox 193 1224 1563 2282">
    <p class='ocr_par' dir='ltr' id='par_1_6' title="bbox 193 1224 1563 2282">
     <span class='ocr_line' id='line_1_15' title="bbox 249 1224 1554 1281; baseline 0.005 -17"><span class='ocrx_word' id='word_1_102' title='bbox 249 1243 263 1263; x_wconf 71' lang='grc' dir='ltr'><em>α</em></span> <span class='ocrx_word' id='word_1_103' title='bbox 289 1224 451 1265; x_wconf 88' lang='lat' dir='ltr'>Exeunt</span> <span class='ocrx_word' id='word_1_104' title='bbox 481 1227 529 1265; x_wconf 91' lang='lat' dir='ltr'>de</span> <span class='ocrx_word' id='word_1_105' title='bbox 561 1237 661 1265; x_wconf 91' lang='lat' dir='ltr'>terra</span> <span class='ocrx_word' id='word_1_106' title='bbox 695 1225 732 1265; x_wconf 91' lang='lat'>&amp;</span> <span class='ocrx_word' id='word_1_107' title='bbox 762 1226 810 1265; x_wconf 90' lang='lat' dir='ltr'>de</span> <span class='ocrx_word' id='word_1_108' title='bbox 832 1227 955 1266; x_wconf 93' lang='lat' dir='ltr'>domo</span> <span class='ocrx_word' id='word_1_109' title='bbox 990 1226 1027 1266; x_wconf 87' lang='lat'>&amp;</span> <span class='ocrx_word' id='word_1_110' title='bbox 1053 1227 1102 1266; x_wconf 89' lang='lat' dir='ltr'>de</span> <span class='ocrx_word' id='word_1_111' title='bbox 1135 1229 1377 1281; x_wconf 84' lang='lat' dir='ltr'>cognatione</span> <span class='ocrx_word' id='word_1_112' title='bbox 1412 1229 1488 1281; x_wconf 82' lang='lat' dir='ltr'>sua,</span> <span class='ocrx_word' id='word_1_113' title='bbox 1519 1232 1554 1271; x_wconf 62' lang='grc' dir='ltr'>ἃ</span> 
     </span>
     <span class='ocr_line' id='line_1_16' title="bbox 193 1284 1554 1340; baseline 0.004 -16"><span class='ocrx_word' id='word_1_114' title='bbox 193 1284 380 1337; x_wconf 89' lang='lat' dir='ltr'>exemplo</span> <span class='ocrx_word' id='word_1_115' title='bbox 399 1285 482 1338; x_wconf 89' lang='lat' dir='ltr'>pari</span> <span class='ocrx_word' id='word_1_116' title='bbox 500 1299 592 1324; x_wconf 91' lang='lat' dir='ltr'>vere</span> <span class='ocrx_word' id='word_1_117' title='bbox 606 1285 781 1324; x_wconf 84' lang='lat' dir='ltr'>Abrahae</span> <span class='ocrx_word' id='word_1_118' title='bbox 796 1284 864 1340; x_wconf 83' lang='lat' dir='ltr'>filij</span> <span class='ocrx_word' id='word_1_119' title='bbox 884 1285 1227 1336; x_wconf 82' lang='lat' dir='ltr'>demonstrantur3</span> <span class='ocrx_word' id='word_1_120' title='bbox 1243 1302 1293 1326; x_wconf 91' lang='lat' dir='ltr'>ne</span> <span class='ocrx_word' id='word_1_121' title='bbox 1310 1288 1404 1340; x_wconf 93' lang='lat' dir='ltr'>quid</span> <span class='ocrx_word' id='word_1_122' title='bbox 1424 1300 1554 1330; x_wconf 90' lang='lat' dir='ltr'>tamen</span> 
     </span>
     <span class='ocr_line' id='line_1_17' title="bbox 193 1341 1557 1398; baseline 0.004 -16"><span class='ocrx_word' id='word_1_123' title='bbox 193 1342 357 1382; x_wconf 88' lang='lat' dir='ltr'>iuvenili</span> <span class='ocrx_word' id='word_1_124' title='bbox 379 1342 470 1382; x_wconf 91' lang='lat' dir='ltr'>ausu</span> <span class='ocrx_word' id='word_1_125' title='bbox 490 1353 638 1382; x_wconf 88' lang='lat' dir='ltr'>temere</span> <span class='ocrx_word' id='word_1_126' title='bbox 669 1343 715 1382; x_wconf 91' lang='lat' dir='ltr'>ab</span> <span class='ocrx_word' id='word_1_127' title='bbox 751 1341 840 1396; x_wconf 88' lang='lat' dir='ltr'>ipfis</span> <span class='ocrx_word' id='word_1_128' title='bbox 869 1344 1074 1397; x_wconf 89' lang='lat' dir='ltr'>inceptum</span> <span class='ocrx_word' id='word_1_129' title='bbox 1105 1357 1326 1398; x_wconf 88' lang='lat' dir='ltr'>putaretur,</span> <span class='ocrx_word' id='word_1_130' title='bbox 1360 1346 1557 1387; x_wconf 82' lang='lat' dir='ltr'>assumunt</span> 
     </span>
     <span class='ocr_line' id='line_1_18' title="bbox 193 1400 1557 1459; baseline 0.004 -20"><span class='ocrx_word' id='word_1_131' title='bbox 193 1400 325 1440; x_wconf 89' lang='lat' dir='ltr'>senem</span> <span class='ocrx_word' id='word_1_132' title='bbox 361 1400 546 1453; x_wconf 68' lang='lat' dir='ltr'>perfe&amp;ae</span> <span class='ocrx_word' id='word_1_133' title='bbox 583 1400 951 1455; x_wconf 73' lang='lat' dir='ltr'>consummataeque</span> <span class='ocrx_word' id='word_1_134' title='bbox 992 1404 1209 1456; x_wconf 84' lang='lat' dir='ltr'>gravitatis,</span> <span class='ocrx_word' id='word_1_135' title='bbox 1249 1418 1369 1458; x_wconf 88' lang='lat' dir='ltr'>quem</span> <span class='ocrx_word' id='word_1_136' title='bbox 1404 1404 1557 1459; x_wconf 89' lang='lat' dir='ltr'>semper</span> 
     </span>
     <span class='ocr_line' id='line_1_19' title="bbox 194 1459 1557 1515; baseline 0.005 -16"><span class='ocrx_word' id='word_1_137' title='bbox 194 1460 233 1499; x_wconf 90' lang='lat' dir='ltr'>in</span> <span class='ocrx_word' id='word_1_138' title='bbox 264 1459 426 1501; x_wconf 88' lang='lat' dir='ltr'>Christo</span> <span class='ocrx_word' id='word_1_139' title='bbox 462 1471 616 1512; x_wconf 88' lang='lat' dir='ltr'>patrem</span> <span class='ocrx_word' id='word_1_140' title='bbox 637 1471 932 1513; x_wconf 89' lang='lat' dir='ltr'>computantes,</span> <span class='ocrx_word' id='word_1_141' title='bbox 959 1472 1111 1514; x_wconf 87' lang='lat' dir='ltr'>patrem</span> <span class='ocrx_word' id='word_1_142' title='bbox 1131 1463 1410 1515; x_wconf 87' lang='lat' dir='ltr'>nominabant,</span> <span class='ocrx_word' id='word_1_143' title='bbox 1431 1464 1453 1504; x_wconf 90' lang='lat' dir='ltr'>s.</span> <span class='ocrx_word' id='word_1_144' title='bbox 1477 1465 1557 1506; x_wconf 91' lang='lat' dir='ltr'>Ca-</span> 
     </span>
     <span class='ocr_line' id='line_1_20' title="bbox 194 1516 1557 1576; baseline 0.004 -19"><span class='ocrx_word' id='word_1_145' title='bbox 194 1516 379 1572; x_wconf 86' lang='lat' dir='ltr'>prafium,</span> <span class='ocrx_word' id='word_1_146' title='bbox 414 1518 594 1572; x_wconf 86' lang='lat' dir='ltr'>angelica</span> <span class='ocrx_word' id='word_1_147' title='bbox 626 1519 664 1558; x_wconf 92' lang='lat' dir='ltr'>in</span> <span class='ocrx_word' id='word_1_148' title='bbox 696 1530 798 1558; x_wconf 87' lang='lat' dir='ltr'>terra</span> <span class='ocrx_word' id='word_1_149' title='bbox 827 1520 957 1559; x_wconf 82' lang='lat' dir='ltr'>adhuc</span> <span class='ocrx_word' id='word_1_150' title='bbox 990 1521 1289 1561; x_wconf 88' lang='lat' dir='ltr'>conversatione</span> <span class='ocrx_word' id='word_1_151' title='bbox 1332 1523 1557 1576; x_wconf 80' lang='lat' dir='ltr'>degentem.</span> 
     </span>
     <span class='ocr_line' id='line_1_21' title="bbox 195 1577 1558 1635; baseline 0.002 -16"><span class='ocrx_word' id='word_1_152' title='bbox 195 1578 322 1619; x_wconf 84' lang='lat' dir='ltr'>Cuius</span> <span class='ocrx_word' id='word_1_153' title='bbox 355 1591 599 1631; x_wconf 89' lang='lat' dir='ltr'>quamquam</span> <span class='ocrx_word' id='word_1_154' title='bbox 630 1577 794 1617; x_wconf 58' lang='lat' dir='ltr'>dileetio</span> <span class='ocrx_word' id='word_1_155' title='bbox 829 1578 953 1618; x_wconf 88' lang='lat' dir='ltr'>vestra</span> <span class='ocrx_word' id='word_1_156' title='bbox 989 1594 1138 1619; x_wconf 90' lang='lat' dir='ltr'>nomen</span> <span class='ocrx_word' id='word_1_157' title='bbox 1171 1581 1363 1621; x_wconf 61' lang='lat' dir='ltr'>hactenus</span> <span class='ocrx_word' id='word_1_158' title='bbox 1398 1583 1558 1635; x_wconf 87' lang='lat' dir='ltr'>ignora-</span> 
     </span>
     <span class='ocr_line' id='line_1_22' title="bbox 195 1636 1559 1687; baseline 0.004 -11"><span class='ocrx_word' id='word_1_159' title='bbox 195 1637 295 1676; x_wconf 89' lang='lat' dir='ltr'>verit</span> <span class='ocrx_word' id='word_1_160' title='bbox 315 1636 352 1676; x_wconf 89' lang='lat'>&amp;</span> <span class='ocrx_word' id='word_1_161' title='bbox 377 1637 508 1676; x_wconf 88' lang='lat' dir='ltr'>adhuc</span> <span class='ocrx_word' id='word_1_162' title='bbox 528 1636 675 1676; x_wconf 86' lang='lat' dir='ltr'>nesciat</span> <span class='ocrx_word' id='word_1_163' title='bbox 697 1638 833 1687; x_wconf 90' lang='lat' dir='ltr'>vitam,</span> <span class='ocrx_word' id='word_1_164' title='bbox 853 1638 992 1678; x_wconf 88' lang='lat' dir='ltr'>amicis</span> <span class='ocrx_word' id='word_1_165' title='bbox 1016 1652 1109 1677; x_wconf 91' lang='lat' dir='ltr'>eum</span> <span class='ocrx_word' id='word_1_166' title='bbox 1130 1638 1204 1679; x_wconf 90' lang='lat' dir='ltr'>suis</span> <span class='ocrx_word' id='word_1_167' title='bbox 1235 1640 1416 1680; x_wconf 87' lang='lat' dir='ltr'>Christus</span> <span class='ocrx_word' id='word_1_168' title='bbox 1433 1655 1559 1682; x_wconf 90' lang='lat' dir='ltr'>annu-</span> 
     </span>
     <span class='ocr_line' id='line_1_23' title="bbox 196 1694 1558 1752; baseline 0.003 -17"><span class='ocrx_word' id='word_1_169' title='bbox 196 1705 331 1735; x_wconf 84' lang='lat' dir='ltr'>merat.</span> <span class='ocrx_word' id='word_1_170' title='bbox 369 1694 505 1745; x_wconf 87' lang='lat' dir='ltr'>Hunc,</span> <span class='ocrx_word' id='word_1_171' title='bbox 536 1706 740 1748; x_wconf 88' lang='lat' dir='ltr'>tamquam</span> <span class='ocrx_word' id='word_1_172' title='bbox 770 1697 1040 1736; x_wconf 87' lang='lat' dir='ltr'>ordinatorem</span> <span class='ocrx_word' id='word_1_173' title='bbox 1064 1698 1101 1736; x_wconf 92' lang='lat' dir='ltr'>in</span> <span class='ocrx_word' id='word_1_174' title='bbox 1125 1696 1310 1737; x_wconf 90' lang='lat' dir='ltr'>Domino</span> <span class='ocrx_word' id='word_1_175' title='bbox 1333 1710 1451 1752; x_wconf 90' lang='lat' dir='ltr'>atque</span> <span class='ocrx_word' id='word_1_176' title='bbox 1472 1701 1558 1740; x_wconf 91' lang='lat' dir='ltr'>cus-</span> 
     </span>
     <span class='ocr_line' id='line_1_24' title="bbox 196 1753 1560 1810; baseline 0.004 -16"><span class='ocrx_word' id='word_1_177' title='bbox 196 1755 332 1794; x_wconf 88' lang='lat' dir='ltr'>todem</span> <span class='ocrx_word' id='word_1_178' title='bbox 374 1753 450 1793; x_wconf 86' lang='lat' dir='ltr'>suae</span> <span class='ocrx_word' id='word_1_179' title='bbox 493 1754 633 1804; x_wconf 87' lang='lat' dir='ltr'>aetatis,</span> <span class='ocrx_word' id='word_1_180' title='bbox 672 1753 882 1805; x_wconf 79' lang='lat' dir='ltr'>affumunt,</span> <span class='ocrx_word' id='word_1_181' title='bbox 920 1770 1021 1808; x_wconf 88' lang='lat' dir='ltr'>quos</span> <span class='ocrx_word' id='word_1_182' title='bbox 1055 1755 1241 1797; x_wconf 87' lang='lat' dir='ltr'>custodes</span> <span class='ocrx_word' id='word_1_183' title='bbox 1284 1755 1351 1796; x_wconf 88' lang='lat' dir='ltr'>fibi</span> <span class='ocrx_word' id='word_1_184' title='bbox 1388 1757 1560 1810; x_wconf 87' lang='lat' dir='ltr'>plurima</span> 
     </span>
     <span class='ocr_line' id='line_1_25' title="bbox 196 1813 1559 1869; baseline 0.004 -18"><span class='ocrx_word' id='word_1_185' title='bbox 196 1813 380 1854; x_wconf 89' lang='lat' dir='ltr'>iuventus</span> <span class='ocrx_word' id='word_1_186' title='bbox 414 1813 599 1867; x_wconf 85' lang='lat' dir='ltr'>elegerat.</span> <span class='ocrx_word' id='word_1_187' title='bbox 648 1813 857 1869; x_wconf 70' lang='lat' dir='ltr'>Quaeritur</span> <span class='ocrx_word' id='word_1_188' title='bbox 900 1828 994 1868; x_wconf 87' lang='lat' dir='ltr'>ergo</span> <span class='ocrx_word' id='word_1_189' title='bbox 1029 1815 1362 1868; x_wconf 84' lang='lat' dir='ltr'>peregrinationis</span> <span class='ocrx_word' id='word_1_190' title='bbox 1397 1816 1559 1868; x_wconf 81' lang='lat' dir='ltr'>latebra,</span> 
     </span>
     <span class='ocr_line' id='line_1_26' title="bbox 195 1872 1561 1926; baseline 0.003 -15"><span class='ocrx_word' id='word_1_191' title='bbox 195 1872 345 1926; x_wconf 85' lang='lat' dir='ltr'>fugitur</span> <span class='ocrx_word' id='word_1_192' title='bbox 367 1872 470 1912; x_wconf 89' lang='lat' dir='ltr'>fama</span> <span class='ocrx_word' id='word_1_193' title='bbox 489 1872 659 1912; x_wconf 89' lang='lat' dir='ltr'>virtutis.</span> <span class='ocrx_word' id='word_1_194' title='bbox 683 1872 945 1925; x_wconf 90' lang='lat' dir='ltr'>Ubicumque</span> <span class='ocrx_word' id='word_1_195' title='bbox 968 1874 1059 1922; x_wconf 90' lang='lat' dir='ltr'>itur,</span> <span class='ocrx_word' id='word_1_196' title='bbox 1081 1874 1133 1913; x_wconf 90' lang='lat' dir='ltr'>ibi</span> <span class='ocrx_word' id='word_1_197' title='bbox 1156 1874 1244 1924; x_wconf 85' lang='lat' dir='ltr'>alia,</span> <span class='ocrx_word' id='word_1_198' title='bbox 1272 1874 1397 1914; x_wconf 77' lang='lat' dir='ltr'>velint</span> <span class='ocrx_word' id='word_1_199' title='bbox 1419 1875 1561 1926; x_wconf 84' lang='lat' dir='ltr'>nolint,</span> 
     </span>
     <span class='ocr_line' id='line_1_27' title="bbox 195 1929 1560 1986; baseline 0.003 -16"><span class='ocrx_word' id='word_1_200' title='bbox 195 1931 302 1970; x_wconf 88' lang='lat' dir='ltr'>fama</span> <span class='ocrx_word' id='word_1_201' title='bbox 317 1930 555 1984; x_wconf 89' lang='lat' dir='ltr'>pariebatur.</span> <span class='ocrx_word' id='word_1_202' title='bbox 585 1929 742 1972; x_wconf 88' lang='lat' dir='ltr'>Felices</span> <span class='ocrx_word' id='word_1_203' title='bbox 760 1942 872 1972; x_wconf 86' lang='lat' dir='ltr'>terrae</span> <span class='ocrx_word' id='word_1_204' title='bbox 889 1931 927 1971; x_wconf 71' lang='grc' dir='ltr'>δε</span> <span class='ocrx_word' id='word_1_205' title='bbox 944 1944 1083 1984; x_wconf 91' lang='lat' dir='ltr'>portus</span> <span class='ocrx_word' id='word_1_206' title='bbox 1101 1933 1219 1983; x_wconf 89' lang='lat' dir='ltr'>beati,</span> <span class='ocrx_word' id='word_1_207' title='bbox 1240 1947 1342 1986; x_wconf 91' lang='lat' dir='ltr'>quos</span> <span class='ocrx_word' id='word_1_208' title='bbox 1358 1933 1560 1974; x_wconf 80' lang='lat' dir='ltr'>coelestem</span> 
     </span>
     <span class='ocr_line' id='line_1_28' title="bbox 197 1986 1562 2046; baseline 0.003 -18"><span class='ocrx_word' id='word_1_209' title='bbox 197 1989 365 2042; x_wconf 90' lang='lat' dir='ltr'>patriam</span> <span class='ocrx_word' id='word_1_210' title='bbox 383 1986 514 2029; x_wconf 81' lang='lat' dir='ltr'>fitiens</span> <span class='ocrx_word' id='word_1_211' title='bbox 533 1989 764 2042; x_wconf 87' lang='lat' dir='ltr'>peregrinus</span> <span class='ocrx_word' id='word_1_212' title='bbox 782 1989 959 2029; x_wconf 89' lang='lat' dir='ltr'>illustrat.</span> <span class='ocrx_word' id='word_1_213' title='bbox 978 1990 1059 2044; x_wconf 88' lang='lat' dir='ltr'>Alij</span> <span class='ocrx_word' id='word_1_214' title='bbox 1081 1991 1263 2032; x_wconf 88' lang='lat' dir='ltr'>Orientis</span> <span class='ocrx_word' id='word_1_215' title='bbox 1281 2006 1383 2042; x_wconf 88' lang='lat' dir='ltr'>oras,</span> <span class='ocrx_word' id='word_1_216' title='bbox 1399 1992 1437 2032; x_wconf 76' lang='grc' dir='ltr'>ἅτ</span> <span class='ocrx_word' id='word_1_217' title='bbox 1453 2007 1562 2046; x_wconf 85' lang='lat' dir='ltr'>quae-</span> 
     </span>
     <span class='ocr_line' id='line_1_29' title="bbox 195 2046 1562 2105; baseline 0.004 -19"><span class='ocrx_word' id='word_1_218' title='bbox 195 2061 370 2101; x_wconf 91' lang='lat' dir='ltr'>cumque</span> <span class='ocrx_word' id='word_1_219' title='bbox 409 2047 484 2086; x_wconf 91' lang='lat' dir='ltr'>alia</span> <span class='ocrx_word' id='word_1_220' title='bbox 515 2046 634 2101; x_wconf 90' lang='lat' dir='ltr'>plena</span> <span class='ocrx_word' id='word_1_221' title='bbox 663 2047 804 2088; x_wconf 63' lang='lat' dir='ltr'>sanetis</span> <span class='ocrx_word' id='word_1_222' title='bbox 834 2049 935 2099; x_wconf 89' lang='lat' dir='ltr'>loca,</span> <span class='ocrx_word' id='word_1_223' title='bbox 970 2050 1192 2102; x_wconf 89' lang='lat' dir='ltr'>accipiendi</span> <span class='ocrx_word' id='word_1_224' title='bbox 1227 2051 1401 2104; x_wconf 86' lang='lat' dir='ltr'>exempli</span> <span class='ocrx_word' id='word_1_225' title='bbox 1421 2052 1562 2105; x_wconf 79' lang='lat' dir='ltr'>gratia,</span> 
     </span>
     <span class='ocr_line' id='line_1_30' title="bbox 196 2105 1561 2164; baseline 0.004 -20"><span class='ocrx_word' id='word_1_226' title='bbox 196 2105 414 2155; x_wconf 84' lang='lat' dir='ltr'>accedunt3</span> <span class='ocrx_word' id='word_1_227' title='bbox 435 2107 475 2146; x_wconf 89' lang='lat' dir='ltr'>hi</span> <span class='ocrx_word' id='word_1_228' title='bbox 493 2107 689 2160; x_wconf 87' lang='lat' dir='ltr'>quidquid</span> <span class='ocrx_word' id='word_1_229' title='bbox 707 2107 868 2157; x_wconf 91' lang='lat' dir='ltr'>adeunt,</span> <span class='ocrx_word' id='word_1_230' title='bbox 889 2107 1084 2161; x_wconf 87' lang='lat' dir='ltr'>exemplis</span> <span class='ocrx_word' id='word_1_231' title='bbox 1101 2108 1218 2148; x_wconf 85' lang='lat' dir='ltr'>bonis</span> <span class='ocrx_word' id='word_1_232' title='bbox 1234 2108 1426 2150; x_wconf 88' lang='lat' dir='ltr'>suscitant.</span> <span class='ocrx_word' id='word_1_233' title='bbox 1443 2110 1561 2164; x_wconf 89' lang='lat' dir='ltr'>Spar-</span> 
     </span>
     <span class='ocr_line' id='line_1_31' title="bbox 194 2163 1559 2218; baseline 0.004 -16"><span class='ocrx_word' id='word_1_234' title='bbox 194 2163 300 2215; x_wconf 88' lang='lat' dir='ltr'>gitur</span> <span class='ocrx_word' id='word_1_235' title='bbox 316 2164 466 2218; x_wconf 91' lang='lat' dir='ltr'>ubique</span> <span class='ocrx_word' id='word_1_236' title='bbox 479 2164 704 2215; x_wconf 88' lang='lat' dir='ltr'>substantia,</span> <span class='ocrx_word' id='word_1_237' title='bbox 717 2165 754 2205; x_wconf 89' lang='lat'>&amp;</span> <span class='ocrx_word' id='word_1_238' title='bbox 770 2165 809 2204; x_wconf 93' lang='lat' dir='ltr'>in</span> <span class='ocrx_word' id='word_1_239' title='bbox 822 2166 933 2205; x_wconf 91' lang='lat' dir='ltr'>omni</span> <span class='ocrx_word' id='word_1_240' title='bbox 948 2165 1099 2206; x_wconf 81' lang='lat' dir='ltr'>accessu</span> <span class='ocrx_word' id='word_1_241' title='bbox 1116 2181 1257 2206; x_wconf 90' lang='lat' dir='ltr'>eorum</span> <span class='ocrx_word' id='word_1_242' title='bbox 1270 2168 1399 2208; x_wconf 89' lang='lat' dir='ltr'>bonus</span> <span class='ocrx_word' id='word_1_243' title='bbox 1413 2167 1559 2209; x_wconf 88' lang='lat' dir='ltr'>Christi</span> 
     </span>
     <span class='ocr_line' id='line_1_32' title="bbox 199 2221 1563 2282; baseline 0.005 -23"><span class='ocrx_word' id='word_1_244' title='bbox 199 2221 300 2261; x_wconf 90' lang='lat' dir='ltr'>odor</span> <span class='ocrx_word' id='word_1_245' title='bbox 319 2223 476 2277; x_wconf 83' lang='lat' dir='ltr'>fragrat.</span> <span class='ocrx_word' id='word_1_246' title='bbox 497 2240 512 2259; x_wconf 65' lang='lat'>7&gt;</span> <span class='ocrx_word' id='word_1_247' title='bbox 533 2249 581 2252; x_wconf 93' lang='lat'>-—</span> <span class='ocrx_word' id='word_1_248' title='bbox 603 2223 750 2282; x_wconf 71' lang='lat' dir='ltr'><em>Haecj]</em></span> <span class='ocrx_word' id='word_1_249' title='bbox 768 2224 964 2276; x_wconf 78' lang='lat' dir='ltr'>Hilarius,</span> <span class='ocrx_word' id='word_1_250' title='bbox 983 2235 1146 2266; x_wconf 85' lang='lat' dir='ltr'>mortuus</span> <span class='ocrx_word' id='word_1_251' title='bbox 1161 2241 1255 2266; x_wconf 84' lang='lat' dir='ltr'>anno</span> <span class='ocrx_word' id='word_1_252' title='bbox 1271 2226 1445 2266; x_wconf 82' lang='lat' dir='ltr'>CCCCX</span> <span class='ocrx_word' id='word_1_253' title='bbox 1445 2226 1552 2266; x_wconf 87' lang='lat' dir='ltr'>LIX</span> <span class='ocrx_word' id='word_1_254' title='bbox 1552 2257 1563 2277; x_wconf 94' lang='lat'>,</span> 
     </span>
    </p>
   </div>
   <div class='ocr_carea' id='block_1_6' title="bbox 198 2279 1563 2395">
    <p class='ocr_par' dir='ltr' id='par_1_7' title="bbox 198 2279 1563 2395">
     <span class='ocr_line' id='line_1_33' title="bbox 198 2279 1563 2341; baseline 0.004 -21"><span class='ocrx_word' id='word_1_255' title='bbox 198 2279 240 2319; x_wconf 85' lang='lat' dir='ltr'>id</span> <span class='ocrx_word' id='word_1_256' title='bbox 255 2283 308 2334; x_wconf 83' lang='lat' dir='ltr'>est</span> <span class='ocrx_word' id='word_1_257' title='bbox 325 2283 430 2322; x_wconf 80' lang='lat' dir='ltr'>annis</span> <span class='ocrx_word' id='word_1_258' title='bbox 449 2284 690 2323; x_wconf 77' lang='lat' dir='ltr'>novemdecim</span> <span class='ocrx_word' id='word_1_259' title='bbox 706 2285 786 2338; x_wconf 74' lang='lat' dir='ltr'>pest</span> <span class='ocrx_word' id='word_1_260' title='bbox 805 2284 936 2324; x_wconf 83' lang='lat' dir='ltr'>obitum</span> <span class='ocrx_word' id='word_1_261' title='bbox 945 2285 986 2340; x_wconf 88' lang='lat' dir='ltr'>s.</span> <span class='ocrx_word' id='word_1_262' title='bbox 1007 2284 1194 2340; x_wconf 67' lang='lat' dir='ltr'>Caprastj,</span> <span class='ocrx_word' id='word_1_263' title='bbox 1211 2286 1251 2340; x_wconf 85' lang='lat' dir='ltr'><em>fi</em></span> <span class='ocrx_word' id='word_1_264' title='bbox 1275 2285 1380 2325; x_wconf 81' lang='lat' dir='ltr'><em>huius</em></span> <span class='ocrx_word' id='word_1_265' title='bbox 1407 2287 1563 2341; x_wconf 60' lang='lat' dir='ltr'>decqsus</span> 
     </span>
     <span class='ocr_line' id='line_1_34' title="bbox 202 2341 703 2395; baseline 0.006 -17"><span class='ocrx_word' id='word_1_266' title='bbox 202 2348 283 2393; x_wconf 85' lang='lat' dir='ltr'>apte</span> <span class='ocrx_word' id='word_1_267' title='bbox 304 2341 340 2380; x_wconf 89' lang='lat' dir='ltr'>in</span> <span class='ocrx_word' id='word_1_268' title='bbox 362 2342 450 2381; x_wconf 56' lang='lat' dir='ltr'>adis</span> <span class='ocrx_word' id='word_1_269' title='bbox 465 2342 703 2395; x_wconf 68' lang='lat' dir='ltr'>proferatur.</span> 
     </span>
    </p>
   </div>
   <div class='ocr_carea' id='block_1_7' title="bbox 203 2441 1562 2542">
    <p class='ocr_par' dir='ltr' id='par_1_8' title="bbox 203 2441 1562 2542">
     <span class='ocr_line' id='line_1_35' title="bbox 292 2441 1562 2487; baseline 0.002 -12"><span class='ocrx_word' id='word_1_270' title='bbox 292 2441 616 2486; x_wconf 82' lang='lat' dir='ltr'>[Pseudo-Hilarius,</span> <span class='ocrx_word' id='word_1_271' title='bbox 650 2443 768 2487; x_wconf 89' lang='lat' dir='ltr'>Vitas.</span> <span class='ocrx_word' id='word_1_272' title='bbox 789 2445 956 2487; x_wconf 81' lang='lat' dir='ltr'>Honorati,</span> <span class='ocrx_word' id='word_1_273' title='bbox 978 2457 1004 2478; x_wconf 93' lang='lat' dir='ltr'>c.</span> <span class='ocrx_word' id='word_1_274' title='bbox 1027 2458 1044 2477; x_wconf 85' lang='lat'>2</span> <span class='ocrx_word' id='word_1_275' title='bbox 1066 2446 1147 2486; x_wconf 88' lang='lat' dir='ltr'><em>(AA.</em></span> <span class='ocrx_word' id='word_1_276' title='bbox 1168 2447 1220 2477; x_wconf 91' lang='lat' dir='ltr'>SS.</span> <span class='ocrx_word' id='word_1_277' title='bbox 1253 2445 1341 2487; x_wconf 68' lang='lat' dir='ltr'><em>Ball„</em></span> <span class='ocrx_word' id='word_1_278' title='bbox 1362 2449 1400 2479; x_wconf 90' lang='lat'>16</span> <span class='ocrx_word' id='word_1_279' title='bbox 1427 2447 1496 2479; x_wconf 86' lang='lat' dir='ltr'>Ian.</span> <span class='ocrx_word' id='word_1_280' title='bbox 1520 2447 1562 2487; x_wconf 92' lang='lat'>11,</span> 
     </span>
     <span class='ocr_line' id='line_1_36' title="bbox 203 2495 1234 2542; baseline 0.003 -15"><span class='ocrx_word' id='word_1_281' title='bbox 203 2505 236 2538; x_wconf 90' lang='lat' dir='ltr'>p.</span> <span class='ocrx_word' id='word_1_282' title='bbox 262 2498 339 2539; x_wconf 65' lang='lat'>18),</span> <span class='ocrx_word' id='word_1_283' title='bbox 359 2496 401 2529; x_wconf 89' lang='lat' dir='ltr'>cf.</span> <span class='ocrx_word' id='word_1_284' title='bbox 426 2495 543 2540; x_wconf 56' lang='lat' dir='ltr'>Vitas:</span> <span class='ocrx_word' id='word_1_285' title='bbox 565 2496 717 2539; x_wconf 86' lang='lat' dir='ltr'>Venantij</span> <span class='ocrx_word' id='word_1_286' title='bbox 736 2497 852 2539; x_wconf 87' lang='lat' dir='ltr'>(Ihid.,</span> <span class='ocrx_word' id='word_1_287' title='bbox 872 2498 958 2531; x_wconf 83' lang='lat' dir='ltr'>Mai.</span> <span class='ocrx_word' id='word_1_288' title='bbox 978 2499 1054 2539; x_wconf 90' lang='lat' dir='ltr'>VII,</span> <span class='ocrx_word' id='word_1_289' title='bbox 1073 2510 1103 2542; x_wconf 89' lang='lat' dir='ltr'>p.</span> <span class='ocrx_word' id='word_1_290' title='bbox 1125 2499 1234 2541; x_wconf 86' lang='lat'>241).]</span> 
     </span>
    </p>
   </div>
   <div class='ocr_carea' id='block_1_8' title="bbox 24 2595 1094 2661">
    <p class='ocr_par' dir='ltr' id='par_1_9' title="bbox 24 2595 1094 2661">
     <span class='ocr_line' id='line_1_37' title="bbox 24 2595 1094 2661; baseline -0.001 -19"><span class='ocrx_word' id='word_1_291' title='bbox 24 2614 59 2643; x_wconf 92' lang='lat' dir='ltr'>c.</span> <span class='ocrx_word' id='word_1_292' title='bbox 87 2599 178 2661; x_wconf 86' lang='lat'>380</span> <span class='ocrx_word' id='word_1_293' title='bbox 199 2595 240 2613; x_wconf 74' lang='lat'>*¹¹⁵</span> <span class='ocrx_word' id='word_1_294' title='bbox 260 2596 299 2641; x_wconf 91' lang='lat' dir='ltr'>S.</span> <span class='ocrx_word' id='word_1_295' title='bbox 327 2596 597 2643; x_wconf 80' lang='lat' dir='ltr'>DIONYsms</span> <span class='ocrx_word' id='word_1_296' title='bbox 633 2598 994 2644; x_wconf 71' lang='lat' dir='ltr'>AREoPAGITA</span> <span class='ocrx_word' id='word_1_297' title='bbox 1015 2598 1094 2642; x_wconf 87' lang='lat'>(72)</span> 
     </span>
    </p>
   </div>
   <div class='ocr_carea' id='block_1_9' title="bbox 207 2689 1561 2836">
    <p class='ocr_par' dir='ltr' id='par_1_10' title="bbox 207 2689 1561 2836">
     <span class='ocr_line' id='line_1_38' title="bbox 297 2689 1561 2735; baseline 0.003 -13"><span class='ocrx_word' id='word_1_298' title='bbox 297 2689 638 2731; x_wconf 74' lang='lat' dir='ltr'>[Pseudo-Dionysius</span> <span class='ocrx_word' id='word_1_299' title='bbox 653 2692 735 2732; x_wconf 60' lang='lat' dir='ltr'>An,</span> <span class='ocrx_word' id='word_1_300' title='bbox 757 2694 807 2725; x_wconf 82' lang='lat' dir='ltr'>De</span> <span class='ocrx_word' id='word_1_301' title='bbox 821 2692 951 2725; x_wconf 83' lang='lat' dir='ltr'>divinis</span> <span class='ocrx_word' id='word_1_302' title='bbox 964 2692 1139 2726; x_wconf 83' lang='lat' dir='ltr'>nominibus</span> <span class='ocrx_word' id='word_1_303' title='bbox 1155 2692 1224 2735; x_wconf 86' lang='lat' dir='ltr'>(ed.</span> <span class='ocrx_word' id='word_1_304' title='bbox 1244 2692 1396 2733; x_wconf 69' lang='lat' dir='ltr'>Corder„</span> <span class='ocrx_word' id='word_1_305' title='bbox 1410 2693 1561 2735; x_wconf 69' lang='lat' dir='ltr'>Lutetiae,</span> 
     </span>
     <span class='ocr_line' id='line_1_39' title="bbox 207 2743 1561 2789; baseline 0.003 -14"><span class='ocrx_word' id='word_1_306' title='bbox 207 2746 308 2784; x_wconf 85' lang='lat'>1644,</span> <span class='ocrx_word' id='word_1_307' title='bbox 325 2743 352 2783; x_wconf 89' lang='grc' dir='ltr'>Ι,</span> <span class='ocrx_word' id='word_1_308' title='bbox 369 2743 476 2787; x_wconf 83' lang='lat'>452)3</span> <span class='ocrx_word' id='word_1_309' title='bbox 505 2744 546 2777; x_wconf 83' lang='lat' dir='ltr'>cf.</span> <span class='ocrx_word' id='word_1_310' title='bbox 569 2743 756 2785; x_wconf 79' lang='lat' dir='ltr'>Gretserus,</span> <span class='ocrx_word' id='word_1_311' title='bbox 776 2744 947 2787; x_wconf 82' lang='lat' dir='ltr'>Desacris</span> <span class='ocrx_word' id='word_1_312' title='bbox 963 2745 1130 2789; x_wconf 80' lang='lat' dir='ltr'>peregrin.</span> <span class='ocrx_word' id='word_1_313' title='bbox 1152 2744 1314 2788; x_wconf 84' lang='lat' dir='ltr'>(Ingolst.‚</span> <span class='ocrx_word' id='word_1_314' title='bbox 1339 2748 1436 2786; x_wconf 90' lang='lat'>1606,</span> <span class='ocrx_word' id='word_1_315' title='bbox 1454 2746 1561 2788; x_wconf 89' lang='lat' dir='ltr'>in-4).]</span> 
     </span>
     <span class='ocr_line' id='line_1_40' title="bbox 338 2799 1397 2836; baseline 0.003 -4"><span class='ocrx_word' id='word_1_316' title='bbox 338 2799 364 2832; x_wconf 88' lang='lat' dir='ltr'>P</span> <span class='ocrx_word' id='word_1_317' title='bbox 1359 2814 1397 2836; x_wconf 79' lang='grc' dir='ltr'>ιο</span> 
     </span>
    </p>
   </div>
  </div>
 </body>
</html>
