<?xml version="1.0" encoding="UTF-8"?>
<!DOCTYPE html PUBLIC "-//W3C//DTD XHTML 1.0 Transitional//EN"
    "http://www.w3.org/TR/xhtml1/DTD/xhtml1-transitional.dtd">
<html xmlns="http://www.w3.org/1999/xhtml" xml:lang="en" lang="en">
 <head>
  <title>
</title>
<meta http-equiv="Content-Type" content="text/html;charset=utf-8" />
  <meta name='ocr-system' content='tesseract 3.04.00' />
  <meta name='ocr-capabilities' content='ocr_page ocr_carea ocr_par ocr_line ocrx_word'/>
</head>
<body>
  <div class='ocr_page' id='page_1' title='image "./p1itinerahierosoly02tobl_0054.png"; bbox 0 0 2131 3552; ppageno 0'>
   <div class='ocr_carea' id='block_1_1' title="bbox 609 274 1361 339">
    <p class='ocr_par' dir='ltr' id='par_1_1' title="bbox 609 274 1361 339">
     <span class='ocr_line' id='line_1_1' title="bbox 609 274 1361 339; baseline 0.001 -5"><span class='ocrx_word' id='word_1_1' title='bbox 609 284 673 334; x_wconf 85' lang='lat'>40</span> <span class='ocrx_word' id='word_1_2' title='bbox 1223 274 1361 339; x_wconf 73' lang='lat'>(326)</span> 
     </span>
    </p>
   </div>
   <div class='ocr_carea' id='block_1_2' title="bbox 610 430 1999 2837">
    <p class='ocr_par' dir='ltr' id='par_1_2' title="bbox 610 430 1980 838">
     <span class='ocr_line' id='line_1_2' title="bbox 611 430 1977 485; baseline 0.001 -14"><span class='ocrx_word' id='word_1_3' title='bbox 611 430 667 471; x_wconf 90' lang='lat' dir='ltr'>est</span> <span class='ocrx_word' id='word_1_4' title='bbox 679 448 690 480; x_wconf 90' lang='lat'>;</span> <span class='ocrx_word' id='word_1_5' title='bbox 721 431 951 485; x_wconf 87' lang='lat' dir='ltr'>deponitur,</span> <span class='ocrx_word' id='word_1_6' title='bbox 971 431 1117 471; x_wconf 90' lang='lat' dir='ltr'>iacenti</span> <span class='ocrx_word' id='word_1_7' title='bbox 1139 445 1219 471; x_wconf 91' lang='lat' dir='ltr'>una</span> <span class='ocrx_word' id='word_1_8' title='bbox 1238 431 1286 471; x_wconf 91' lang='lat' dir='ltr'>de</span> <span class='ocrx_word' id='word_1_9' title='bbox 1306 432 1494 472; x_wconf 90' lang='lat' dir='ltr'>crucibus</span> <span class='ocrx_word' id='word_1_10' title='bbox 1515 432 1754 471; x_wconf 88' lang='lat' dir='ltr'>admovetur</span> <span class='ocrx_word' id='word_1_11' title='bbox 1773 431 1812 471; x_wconf 71' lang='grc' dir='ltr'>δι</span> <span class='ocrx_word' id='word_1_12' title='bbox 1831 431 1977 482; x_wconf 81' lang='lat' dir='ltr'>altera3</span> 
     </span>
     <span class='ocr_line' id='line_1_3' title="bbox 613 488 1978 543; baseline 0.001 -14"><span class='ocrx_word' id='word_1_13' title='bbox 613 488 676 529; x_wconf 93' lang='lat' dir='ltr'>sed</span> <span class='ocrx_word' id='word_1_14' title='bbox 692 504 851 530; x_wconf 90' lang='lat' dir='ltr'>reorum</span> <span class='ocrx_word' id='word_1_15' title='bbox 872 490 981 543; x_wconf 87' lang='lat' dir='ltr'>ligna</span> <span class='ocrx_word' id='word_1_16' title='bbox 999 504 1106 531; x_wconf 90' lang='lat' dir='ltr'>mors</span> <span class='ocrx_word' id='word_1_17' title='bbox 1127 489 1283 543; x_wconf 92' lang='lat' dir='ltr'>sprevit.</span> <span class='ocrx_word' id='word_1_18' title='bbox 1306 489 1514 530; x_wconf 88' lang='lat' dir='ltr'>Postremo</span> <span class='ocrx_word' id='word_1_19' title='bbox 1533 489 1799 530; x_wconf 90' lang='lat' dir='ltr'>Dominicam</span> <span class='ocrx_word' id='word_1_20' title='bbox 1815 504 1978 531; x_wconf 91' lang='lat' dir='ltr'>crucem</span> 
     </span>
     <span class='ocr_line' id='line_1_4' title="bbox 612 548 1979 603; baseline 0 -15"><span class='ocrx_word' id='word_1_21' title='bbox 612 549 746 602; x_wconf 88' lang='lat' dir='ltr'>prodit</span> <span class='ocrx_word' id='word_1_22' title='bbox 759 549 994 589; x_wconf 72' lang='lat' dir='ltr'>resurre6²do</span> <span class='ocrx_word' id='word_1_23' title='bbox 1017 548 1056 589; x_wconf 89' lang='lat'>&amp;</span> <span class='ocrx_word' id='word_1_24' title='bbox 1075 548 1123 588; x_wconf 92' lang='lat' dir='ltr'>ad</span> <span class='ocrx_word' id='word_1_25' title='bbox 1146 548 1321 589; x_wconf 89' lang='lat' dir='ltr'>salutaris</span> <span class='ocrx_word' id='word_1_26' title='bbox 1343 548 1439 602; x_wconf 92' lang='lat' dir='ltr'>ligni</span> <span class='ocrx_word' id='word_1_27' title='bbox 1460 548 1625 599; x_wconf 60' lang='lat' dir='ltr'>tadffim,</span> <span class='ocrx_word' id='word_1_28' title='bbox 1645 559 1774 588; x_wconf 92' lang='lat' dir='ltr'>morte</span> <span class='ocrx_word' id='word_1_29' title='bbox 1796 549 1979 603; x_wconf 80' lang='lat' dir='ltr'>profuga,</span> 
     </span>
     <span class='ocr_line' id='line_1_5' title="bbox 610 606 1980 661; baseline 0.002 -15"><span class='ocrx_word' id='word_1_30' title='bbox 610 608 729 648; x_wconf 88' lang='lat' dir='ltr'>funus</span> <span class='ocrx_word' id='word_1_31' title='bbox 751 609 809 660; x_wconf 84' lang='lat' dir='ltr'>(id</span> <span class='ocrx_word' id='word_1_32' title='bbox 824 610 874 661; x_wconf 70' lang='lat' dir='ltr'>¹?st</span> <span class='ocrx_word' id='word_1_33' title='bbox 893 609 1074 657; x_wconf 89' lang='lat' dir='ltr'>cadaver,</span> <span class='ocrx_word' id='word_1_34' title='bbox 1103 608 1171 647; x_wconf 84' lang='lat' dir='ltr'>vel</span> <span class='ocrx_word' id='word_1_35' title='bbox 1190 619 1374 648; x_wconf 92' lang='lat' dir='ltr'>mortuus</span> <span class='ocrx_word' id='word_1_36' title='bbox 1395 608 1592 647; x_wconf 86' lang='lat' dir='ltr'>excitatus</span> <span class='ocrx_word' id='word_1_37' title='bbox 1613 607 1681 653; x_wconf 88' lang='lat' dir='ltr'>est)</span> <span class='ocrx_word' id='word_1_38' title='bbox 1702 606 1921 659; x_wconf 76' lang='lat' dir='ltr'>excussum,</span> <span class='ocrx_word' id='word_1_39' title='bbox 1941 608 1980 649; x_wconf 75' lang='grc' dir='ltr'>ὅτ</span> 
     </span>
     <span class='ocr_line' id='line_1_6' title="bbox 611 665 1980 720; baseline 0.001 -14"><span class='ocrx_word' id='word_1_40' title='bbox 611 681 760 720; x_wconf 86' lang='lat' dir='ltr'>corpus</span> <span class='ocrx_word' id='word_1_41' title='bbox 784 667 961 707; x_wconf 51' lang='lat' dir='ltr'>ereetum</span> <span class='ocrx_word' id='word_1_42' title='bbox 977 666 1045 717; x_wconf 92' lang='lat' dir='ltr'>est,</span> <span class='ocrx_word' id='word_1_43' title='bbox 1071 666 1392 720; x_wconf 68' lang='lat' dir='ltr'>tremefa&amp;isque</span> <span class='ocrx_word' id='word_1_44' title='bbox 1412 665 1640 706; x_wconf 90' lang='lat' dir='ltr'>viventibus</span> <span class='ocrx_word' id='word_1_45' title='bbox 1660 666 1766 706; x_wconf 91' lang='lat' dir='ltr'>stetit</span> <span class='ocrx_word' id='word_1_46' title='bbox 1784 676 1980 718; x_wconf 89' lang='lat' dir='ltr'>mortuus,</span> 
     </span>
     <span class='ocr_line' id='line_1_7' title="bbox 612 723 1978 779; baseline 0 -14"><span class='ocrx_word' id='word_1_47' title='bbox 612 725 651 765; x_wconf 72' lang='grc' dir='ltr'>ὅτ</span> <span class='ocrx_word' id='word_1_48' title='bbox 666 725 913 776; x_wconf 88' lang='lat' dir='ltr'><strong>funebribus,</strong></span> <span class='ocrx_word' id='word_1_49' title='bbox 934 738 978 766; x_wconf 91' lang='lat' dir='ltr'>ut</span> <span class='ocrx_word' id='word_1_50' title='bbox 993 725 1176 766; x_wconf 86' lang='lat' dir='ltr'>Lazarus</span> <span class='ocrx_word' id='word_1_51' title='bbox 1192 726 1413 779; x_wconf 91' lang='lat' dir='ltr'>quondam,</span> <span class='ocrx_word' id='word_1_52' title='bbox 1432 723 1605 764; x_wconf 88' lang='lat' dir='ltr'>vinculis</span> <span class='ocrx_word' id='word_1_53' title='bbox 1621 725 1847 779; x_wconf 88' lang='lat' dir='ltr'>expeditus,</span> <span class='ocrx_word' id='word_1_54' title='bbox 1867 724 1978 765; x_wconf 90' lang='lat' dir='ltr'>illico</span> 
     </span>
     <span class='ocr_line' id='line_1_8' title="bbox 612 783 1542 838; baseline -0.003 -13"><span class='ocrx_word' id='word_1_55' title='bbox 612 785 716 825; x_wconf 82' lang='lat' dir='ltr'>inter</span> <span class='ocrx_word' id='word_1_56' title='bbox 736 784 1027 838; x_wconf 58' lang='lat' dir='ltr'>exspefi&#39;tatores</span> <span class='ocrx_word' id='word_1_57' title='bbox 1048 784 1136 824; x_wconf 87' lang='lat' dir='ltr'>suos</span> <span class='ocrx_word' id='word_1_58' title='bbox 1155 783 1357 833; x_wconf 84' lang='lat' dir='ltr'>redivivus</span> <span class='ocrx_word' id='word_1_59' title='bbox 1378 783 1542 834; x_wconf 81' lang='lat' dir='ltr'>inceffit.</span> 
     </span>
    </p>

    <p class='ocr_par' dir='ltr' id='par_1_3' title="bbox 556 840 1999 2837">
     <span class='ocr_line' id='line_1_9' title="bbox 668 840 1980 898; baseline 0.002 -17"><span class='ocrx_word' id='word_1_60' title='bbox 668 860 683 881; x_wconf 84' lang='lat'>«</span> <span class='ocrx_word' id='word_1_61' title='bbox 705 843 813 898; x_wconf 88' lang='lat' dir='ltr'>Ergo</span> <span class='ocrx_word' id='word_1_62' title='bbox 834 857 933 883; x_wconf 85' lang='lat' dir='ltr'>crux</span> <span class='ocrx_word' id='word_1_63' title='bbox 951 842 1139 894; x_wconf 84' lang='lat' dir='ltr'>Domini,</span> <span class='ocrx_word' id='word_1_64' title='bbox 1160 852 1220 881; x_wconf 92' lang='lat' dir='ltr'>tot</span> <span class='ocrx_word' id='word_1_65' title='bbox 1239 840 1378 894; x_wconf 78' lang='lat' dir='ltr'>operta</span> <span class='ocrx_word' id='word_1_66' title='bbox 1392 841 1575 882; x_wconf 90' lang='lat' dir='ltr'>aetatibus</span> <span class='ocrx_word' id='word_1_67' title='bbox 1596 841 1634 882; x_wconf 90' lang='lat'>&amp;</span> <span class='ocrx_word' id='word_1_68' title='bbox 1651 840 1797 883; x_wconf 88' lang='lat' dir='ltr'>Iudaeis</span> <span class='ocrx_word' id='word_1_69' title='bbox 1817 843 1857 882; x_wconf 92' lang='lat' dir='ltr'>in</span> <span class='ocrx_word' id='word_1_70' title='bbox 1876 853 1980 883; x_wconf 91' lang='lat' dir='ltr'>tem-</span> 
     </span>
     <span class='ocr_line' id='line_1_10' title="bbox 612 898 1982 958; baseline -0.001 -15"><span class='ocrx_word' id='word_1_71' title='bbox 612 917 712 956; x_wconf 89' lang='lat' dir='ltr'>pore</span> <span class='ocrx_word' id='word_1_72' title='bbox 741 903 925 956; x_wconf 82' lang='lat' dir='ltr'>passionis</span> <span class='ocrx_word' id='word_1_73' title='bbox 966 898 1208 950; x_wconf 89' lang='lat' dir='ltr'>abscondita,</span> <span class='ocrx_word' id='word_1_74' title='bbox 1251 914 1384 954; x_wconf 88' lang='lat' dir='ltr'>neque</span> <span class='ocrx_word' id='word_1_75' title='bbox 1417 901 1603 953; x_wconf 87' lang='lat' dir='ltr'>gentibus</span> <span class='ocrx_word' id='word_1_76' title='bbox 1637 901 1677 958; x_wconf 65' lang='lat' dir='ltr'>ip</span> <span class='ocrx_word' id='word_1_77' title='bbox 1715 901 1982 947; x_wconf 90' lang='lat' dir='ltr'>aedificatione</span> 
     </span>
     <span class='ocr_line' id='line_1_11' title="bbox 612 958 1981 1020; baseline -0.001 -18.039"><span class='ocrx_word' id='word_1_78' title='bbox 612 962 691 1002; x_wconf 90' lang='lat' dir='ltr'>fani</span> <span class='ocrx_word' id='word_1_79' title='bbox 721 972 868 1002; x_wconf 89' lang='lat' dir='ltr'>terram</span> <span class='ocrx_word' id='word_1_80' title='bbox 889 960 968 1000; x_wconf 89' lang='lat' dir='ltr'>fine</span> <span class='ocrx_word' id='word_1_81' title='bbox 998 960 1199 1020; x_wconf 35' lang='lat' dir='ltr'>dubwioſtrald</span> <span class='ocrx_word' id='word_1_82' title='bbox 1223 958 1347 1011; x_wconf 90' lang='lat' dir='ltr'>ipsam</span> <span class='ocrx_word' id='word_1_83' title='bbox 1373 959 1564 998; x_wconf 87' lang='lat' dir='ltr'>fabricam</span> <span class='ocrx_word' id='word_1_84' title='bbox 1594 958 1847 1012; x_wconf 78' lang='lat' dir='ltr'>egerentibus</span> <span class='ocrx_word' id='word_1_85' title='bbox 1867 974 1981 1001; x_wconf 91' lang='lat' dir='ltr'>reve-</span> 
     </span>
     <span class='ocr_line' id='line_1_12' title="bbox 613 1015 1983 1072; baseline -0.001 -12"><span class='ocrx_word' id='word_1_86' title='bbox 613 1020 704 1070; x_wconf 86' lang='lat' dir='ltr'>lata,</span> <span class='ocrx_word' id='word_1_87' title='bbox 732 1034 868 1059; x_wconf 91' lang='lat' dir='ltr'>nonne</span> <span class='ocrx_word' id='word_1_88' title='bbox 901 1032 1022 1058; x_wconf 90' lang='lat' dir='ltr'>manu</span> <span class='ocrx_word' id='word_1_89' title='bbox 1052 1015 1180 1067; x_wconf 79' lang='lat' dir='ltr'>latuit,</span> <span class='ocrx_word' id='word_1_90' title='bbox 1212 1027 1256 1056; x_wconf 94' lang='lat' dir='ltr'>ut</span> <span class='ocrx_word' id='word_1_91' title='bbox 1283 1031 1393 1056; x_wconf 91' lang='lat' dir='ltr'>nunc</span> <span class='ocrx_word' id='word_1_92' title='bbox 1421 1017 1668 1057; x_wconf 88' lang='lat' dir='ltr'>inveniretur</span> <span class='ocrx_word' id='word_1_93' title='bbox 1686 1032 1781 1057; x_wconf 92' lang='lat' dir='ltr'>cum</span> <span class='ocrx_word' id='word_1_94' title='bbox 1801 1017 1983 1072; x_wconf 84' lang='lat' dir='ltr'>religiose</span> 
     </span>
     <span class='ocr_line' id='line_1_13' title="bbox 613 1075 1984 1133; baseline -0.002 -14"><span class='ocrx_word' id='word_1_95' title='bbox 613 1077 883 1133; x_wconf 85' lang='lat' dir='ltr'>quaereretur?</span> <span class='ocrx_word' id='word_1_96' title='bbox 905 1075 966 1117; x_wconf 91' lang='lat' dir='ltr'>Ita</span> <span class='ocrx_word' id='word_1_97' title='bbox 982 1088 1025 1116; x_wconf 91' lang='lat' dir='ltr'>ut</span> <span class='ocrx_word' id='word_1_98' title='bbox 1040 1090 1203 1116; x_wconf 91' lang='lat' dir='ltr'>crucem</span> <span class='ocrx_word' id='word_1_99' title='bbox 1221 1075 1370 1116; x_wconf 89' lang='lat' dir='ltr'>Christi</span> <span class='ocrx_word' id='word_1_100' title='bbox 1389 1075 1537 1126; x_wconf 88' lang='lat' dir='ltr'>decuit,</span> <span class='ocrx_word' id='word_1_101' title='bbox 1558 1077 1839 1129; x_wconf 88' lang='lat' dir='ltr'>experimento</span> <span class='ocrx_word' id='word_1_102' title='bbox 1858 1077 1984 1117; x_wconf 90' lang='lat' dir='ltr'>resur-</span> 
     </span>
     <span class='ocr_line' id='line_1_14' title="bbox 612 1133 1986 1189; baseline -0.001 -11"><span class='ocrx_word' id='word_1_103' title='bbox 612 1138 802 1178; x_wconf 70' lang='lat' dir='ltr'>reffionis</span> <span class='ocrx_word' id='word_1_104' title='bbox 831 1137 995 1176; x_wconf 90' lang='lat' dir='ltr'>inventa</span> <span class='ocrx_word' id='word_1_105' title='bbox 1015 1135 1053 1175; x_wconf 87' lang='lat'>&amp;</span> <span class='ocrx_word' id='word_1_106' title='bbox 1074 1135 1242 1188; x_wconf 89' lang='lat' dir='ltr'>probata</span> <span class='ocrx_word' id='word_1_107' title='bbox 1262 1148 1360 1174; x_wconf 90' lang='lat' dir='ltr'>crux</span> <span class='ocrx_word' id='word_1_108' title='bbox 1382 1133 1530 1175; x_wconf 90' lang='lat' dir='ltr'>Christi</span> <span class='ocrx_word' id='word_1_109' title='bbox 1552 1134 1632 1184; x_wconf 92' lang='lat' dir='ltr'>est;</span> <span class='ocrx_word' id='word_1_110' title='bbox 1662 1135 1865 1189; x_wconf 87' lang='lat' dir='ltr'>dignoque</span> <span class='ocrx_word' id='word_1_111' title='bbox 1887 1150 1986 1176; x_wconf 87' lang='lat' dir='ltr'>mox</span> 
     </span>
     <span class='ocr_line' id='line_1_15' title="bbox 614 1192 1985 1248; baseline -0.001 -12"><span class='ocrx_word' id='word_1_112' title='bbox 614 1195 767 1236; x_wconf 90' lang='lat' dir='ltr'>ambitu</span> <span class='ocrx_word' id='word_1_113' title='bbox 799 1196 856 1248; x_wconf 88' lang='lat' dir='ltr'>(id</span> <span class='ocrx_word' id='word_1_114' title='bbox 871 1197 921 1247; x_wconf 66' lang='lat' dir='ltr'>(³st</span> <span class='ocrx_word' id='word_1_115' title='bbox 937 1196 1092 1234; x_wconf 89' lang='lat' dir='ltr'>honore</span> <span class='ocrx_word' id='word_1_116' title='bbox 1113 1194 1152 1234; x_wconf 88' lang='lat'>&amp;</span> <span class='ocrx_word' id='word_1_117' title='bbox 1173 1199 1336 1246; x_wconf 91' lang='lat' dir='ltr'>pompa)</span> <span class='ocrx_word' id='word_1_118' title='bbox 1358 1192 1624 1244; x_wconf 86' lang='lat' dir='ltr'>consecratur,</span> <span class='ocrx_word' id='word_1_119' title='bbox 1655 1194 1819 1233; x_wconf 89' lang='lat' dir='ltr'>condita</span> <span class='ocrx_word' id='word_1_120' title='bbox 1838 1195 1879 1234; x_wconf 92' lang='lat' dir='ltr'>in</span> <span class='ocrx_word' id='word_1_121' title='bbox 1901 1193 1985 1248; x_wconf 90' lang='lat' dir='ltr'>pas-</span> 
     </span>
     <span class='ocr_line' id='line_1_16' title="bbox 613 1250 1984 1306; baseline -0.001 -11"><span class='ocrx_word' id='word_1_122' title='bbox 613 1255 731 1295; x_wconf 78' lang='lat' dir='ltr'>sionis</span> <span class='ocrx_word' id='word_1_123' title='bbox 753 1254 844 1294; x_wconf 92' lang='lat' dir='ltr'>loco</span> <span class='ocrx_word' id='word_1_124' title='bbox 874 1253 1044 1302; x_wconf 88' lang='lat' dir='ltr'>bafilica,</span> <span class='ocrx_word' id='word_1_125' title='bbox 1064 1267 1154 1306; x_wconf 86' lang='lat' dir='ltr'>quae</span> <span class='ocrx_word' id='word_1_126' title='bbox 1174 1251 1321 1291; x_wconf 88' lang='lat' dir='ltr'>auratis</span> <span class='ocrx_word' id='word_1_127' title='bbox 1342 1250 1507 1290; x_wconf 89' lang='lat' dir='ltr'>corusca</span> <span class='ocrx_word' id='word_1_128' title='bbox 1527 1250 1778 1305; x_wconf 87' lang='lat' dir='ltr'>laquearibus</span> <span class='ocrx_word' id='word_1_129' title='bbox 1800 1251 1839 1292; x_wconf 87' lang='lat'>&amp;</span> <span class='ocrx_word' id='word_1_130' title='bbox 1854 1254 1984 1294; x_wconf 90' lang='lat' dir='ltr'>aureis</span> 
     </span>
     <span class='ocr_line' id='line_1_17' title="bbox 615 1309 1985 1365; baseline -0.001 -12"><span class='ocrx_word' id='word_1_131' title='bbox 615 1314 725 1354; x_wconf 90' lang='lat' dir='ltr'>dives</span> <span class='ocrx_word' id='word_1_132' title='bbox 748 1312 950 1363; x_wconf 90' lang='lat' dir='ltr'>altaribus,</span> <span class='ocrx_word' id='word_1_133' title='bbox 970 1326 1115 1352; x_wconf 90' lang='lat' dir='ltr'>arcano</span> <span class='ocrx_word' id='word_1_134' title='bbox 1134 1309 1302 1364; x_wconf 77' lang='lat' dir='ltr'>positam</span> <span class='ocrx_word' id='word_1_135' title='bbox 1324 1310 1493 1349; x_wconf 84' lang='lat' dir='ltr'>sacrario</span> <span class='ocrx_word' id='word_1_136' title='bbox 1514 1324 1678 1350; x_wconf 89' lang='lat' dir='ltr'>crucem</span> <span class='ocrx_word' id='word_1_137' title='bbox 1695 1310 1841 1351; x_wconf 89' lang='lat' dir='ltr'>servat:</span> <span class='ocrx_word' id='word_1_138' title='bbox 1863 1325 1985 1365; x_wconf 92' lang='lat' dir='ltr'>quam</span> 
     </span>
     <span class='ocr_line' id='line_1_18' title="bbox 615 1367 1986 1426; baseline -0.002 -13"><span class='ocrx_word' id='word_1_139' title='bbox 615 1372 825 1426; x_wconf 81' lang='lat' dir='ltr'>episcopus</span> <span class='ocrx_word' id='word_1_140' title='bbox 852 1371 962 1411; x_wconf 92' lang='lat' dir='ltr'>urbis</span> <span class='ocrx_word' id='word_1_141' title='bbox 990 1371 1075 1411; x_wconf 90' lang='lat' dir='ltr'>eius</span> <span class='ocrx_word' id='word_1_142' title='bbox 1105 1369 1335 1423; x_wconf 86' lang='lat' dir='ltr'>quotannis,</span> <span class='ocrx_word' id='word_1_143' title='bbox 1366 1383 1460 1408; x_wconf 91' lang='lat' dir='ltr'>cum</span> <span class='ocrx_word' id='word_1_144' title='bbox 1482 1367 1629 1409; x_wconf 89' lang='lat' dir='ltr'>Pascha</span> <span class='ocrx_word' id='word_1_145' title='bbox 1650 1369 1823 1409; x_wconf 90' lang='lat' dir='ltr'>Domini</span> <span class='ocrx_word' id='word_1_146' title='bbox 1845 1371 1986 1423; x_wconf 88' lang='lat' dir='ltr'>agitur,</span> 
     </span>
     <span class='ocr_line' id='line_1_19' title="bbox 614 1428 1987 1483; baseline -0.002 -11"><span class='ocrx_word' id='word_1_147' title='bbox 614 1432 859 1472; x_wconf 88' lang='lat' dir='ltr'>adorandam</span> <span class='ocrx_word' id='word_1_148' title='bbox 875 1429 1029 1483; x_wconf 93' lang='lat' dir='ltr'>populo</span> <span class='ocrx_word' id='word_1_149' title='bbox 1047 1429 1233 1482; x_wconf 86' lang='lat' dir='ltr'>princeps</span> <span class='ocrx_word' id='word_1_150' title='bbox 1253 1428 1333 1481; x_wconf 89' lang='lat' dir='ltr'>ipse</span> <span class='ocrx_word' id='word_1_151' title='bbox 1349 1428 1631 1467; x_wconf 90' lang='lat' dir='ltr'>venerantium</span> <span class='ocrx_word' id='word_1_152' title='bbox 1652 1429 1815 1480; x_wconf 89' lang='lat' dir='ltr'>promit.</span> <span class='ocrx_word' id='word_1_153' title='bbox 1837 1429 1987 1483; x_wconf 90' lang='lat' dir='ltr'>Neque</span> 
     </span>
     <span class='ocr_line' id='line_1_20' title="bbox 616 1485 1988 1544; baseline -0.001 -14"><span class='ocrx_word' id='word_1_154' title='bbox 616 1500 757 1544; x_wconf 88' lang='lat' dir='ltr'>praeter</span> <span class='ocrx_word' id='word_1_155' title='bbox 772 1489 876 1528; x_wconf 91' lang='lat' dir='ltr'>hanc</span> <span class='ocrx_word' id='word_1_156' title='bbox 889 1489 1010 1538; x_wconf 92' lang='lat' dir='ltr'>diem,</span> <span class='ocrx_word' id='word_1_157' title='bbox 1027 1501 1106 1541; x_wconf 92' lang='lat' dir='ltr'>qua</span> <span class='ocrx_word' id='word_1_158' title='bbox 1120 1487 1249 1527; x_wconf 88' lang='lat' dir='ltr'>crucis</span> <span class='ocrx_word' id='word_1_159' title='bbox 1266 1485 1384 1539; x_wconf 92' lang='lat' dir='ltr'>ipfius</span> <span class='ocrx_word' id='word_1_160' title='bbox 1397 1485 1629 1540; x_wconf 89' lang='lat' dir='ltr'>mysterium</span> <span class='ocrx_word' id='word_1_161' title='bbox 1644 1487 1883 1539; x_wconf 88' lang='lat' dir='ltr'>celebratur,</span> <span class='ocrx_word' id='word_1_162' title='bbox 1895 1488 1988 1542; x_wconf 92' lang='lat' dir='ltr'>ipsa,</span> 
     </span>
     <span class='ocr_line' id='line_1_21' title="bbox 616 1543 1989 1603; baseline -0.001 -14"><span class='ocrx_word' id='word_1_163' title='bbox 616 1564 706 1603; x_wconf 87' lang='lat' dir='ltr'>quae</span> <span class='ocrx_word' id='word_1_164' title='bbox 730 1548 1069 1588; x_wconf 90' lang='lat' dir='ltr'>sacramentorum</span> <span class='ocrx_word' id='word_1_165' title='bbox 1090 1545 1204 1586; x_wconf 88' lang='lat' dir='ltr'>causa</span> <span class='ocrx_word' id='word_1_166' title='bbox 1220 1545 1287 1596; x_wconf 88' lang='lat' dir='ltr'>est,</span> <span class='ocrx_word' id='word_1_167' title='bbox 1307 1543 1415 1599; x_wconf 81' lang='lat' dir='ltr'>quasi</span> <span class='ocrx_word' id='word_1_168' title='bbox 1437 1545 1643 1599; x_wconf 90' lang='lat' dir='ltr'>quoddam</span> <span class='ocrx_word' id='word_1_169' title='bbox 1666 1545 1780 1586; x_wconf 81' lang='lat' dir='ltr'>sacrae</span> <span class='ocrx_word' id='word_1_170' title='bbox 1801 1546 1989 1587; x_wconf 89' lang='lat' dir='ltr'>solemni-</span> 
     </span>
     <span class='ocr_line' id='line_1_22' title="bbox 616 1603 1989 1661; baseline -0.001 -13"><span class='ocrx_word' id='word_1_171' title='bbox 616 1609 707 1649; x_wconf 91' lang='lat' dir='ltr'>tatis</span> <span class='ocrx_word' id='word_1_172' title='bbox 728 1605 879 1661; x_wconf 81' lang='lat' dir='ltr'>infigne</span> <span class='ocrx_word' id='word_1_173' title='bbox 908 1607 1124 1659; x_wconf 89' lang='lat' dir='ltr'>profertur,</span> <span class='ocrx_word' id='word_1_174' title='bbox 1152 1606 1222 1645; x_wconf 81' lang='lat' dir='ltr'>nisi</span> <span class='ocrx_word' id='word_1_175' title='bbox 1247 1605 1451 1645; x_wconf 88' lang='lat' dir='ltr'>interdum</span> <span class='ocrx_word' id='word_1_176' title='bbox 1473 1603 1745 1658; x_wconf 87' lang='lat' dir='ltr'>religiofiffimi</span> <span class='ocrx_word' id='word_1_177' title='bbox 1774 1606 1989 1659; x_wconf 90' lang='lat' dir='ltr'>postulent,</span> 
     </span>
     <span class='ocr_line' id='line_1_23' title="bbox 619 1663 1990 1722; baseline -0.001 -16"><span class='ocrx_word' id='word_1_178' title='bbox 619 1668 687 1722; x_wconf 92' lang='lat' dir='ltr'>qui</span> <span class='ocrx_word' id='word_1_179' title='bbox 719 1666 794 1706; x_wconf 89' lang='lat' dir='ltr'>hac</span> <span class='ocrx_word' id='word_1_180' title='bbox 816 1675 972 1705; x_wconf 90' lang='lat' dir='ltr'>tantum</span> <span class='ocrx_word' id='word_1_181' title='bbox 994 1665 1109 1705; x_wconf 88' lang='lat' dir='ltr'>causa</span> <span class='ocrx_word' id='word_1_182' title='bbox 1129 1664 1198 1704; x_wconf 93' lang='lat' dir='ltr'>illo</span> <span class='ocrx_word' id='word_1_183' title='bbox 1215 1665 1455 1718; x_wconf 87' lang='lat' dir='ltr'>peregrinati</span> <span class='ocrx_word' id='word_1_184' title='bbox 1477 1665 1727 1717; x_wconf 89' lang='lat' dir='ltr'>advenerint,</span> <span class='ocrx_word' id='word_1_185' title='bbox 1750 1676 1793 1705; x_wconf 93' lang='lat' dir='ltr'>ut</span> <span class='ocrx_word' id='word_1_186' title='bbox 1814 1663 1882 1705; x_wconf 88' lang='lat' dir='ltr'>fibi</span> <span class='ocrx_word' id='word_1_187' title='bbox 1904 1666 1990 1705; x_wconf 92' lang='lat' dir='ltr'>eius</span> 
     </span>
     <span class='ocr_line' id='line_1_24' title="bbox 617 1722 1990 1778; baseline -0.002 -12"><span class='ocrx_word' id='word_1_188' title='bbox 617 1725 809 1766; x_wconf 90' lang='lat' dir='ltr'>revelatio</span> <span class='ocrx_word' id='word_1_189' title='bbox 824 1722 932 1778; x_wconf 78' lang='lat' dir='ltr'>quasi</span> <span class='ocrx_word' id='word_1_190' title='bbox 945 1725 984 1763; x_wconf 90' lang='lat' dir='ltr'>in</span> <span class='ocrx_word' id='word_1_191' title='bbox 999 1724 1174 1777; x_wconf 91' lang='lat' dir='ltr'>pretium</span> <span class='ocrx_word' id='word_1_192' title='bbox 1187 1723 1419 1777; x_wconf 88' lang='lat' dir='ltr'>longinquae</span> <span class='ocrx_word' id='word_1_193' title='bbox 1431 1724 1765 1777; x_wconf 85' lang='lat' dir='ltr'>peregrinationis</span> <span class='ocrx_word' id='word_1_194' title='bbox 1779 1725 1990 1764; x_wconf 87' lang='lat' dir='ltr'>deferatur.</span> 
     </span>
     <span class='ocr_line' id='line_1_25' title="bbox 619 1782 1992 1841; baseline -0.001 -17"><span class='ocrx_word' id='word_1_195' title='bbox 619 1784 750 1841; x_wconf 73' lang='lat' dir='ltr'>Quod</span> <span class='ocrx_word' id='word_1_196' title='bbox 773 1783 900 1823; x_wconf 91' lang='lat' dir='ltr'>solum</span> <span class='ocrx_word' id='word_1_197' title='bbox 922 1782 1099 1835; x_wconf 90' lang='lat' dir='ltr'>episcopi</span> <span class='ocrx_word' id='word_1_198' title='bbox 1117 1782 1316 1822; x_wconf 90' lang='lat' dir='ltr'>beneficio</span> <span class='ocrx_word' id='word_1_199' title='bbox 1339 1782 1508 1821; x_wconf 89' lang='lat' dir='ltr'>obtineri</span> <span class='ocrx_word' id='word_1_200' title='bbox 1532 1782 1686 1822; x_wconf 89' lang='lat' dir='ltr'>ferunt:</span> <span class='ocrx_word' id='word_1_201' title='bbox 1708 1783 1822 1824; x_wconf 90' lang='lat' dir='ltr'>cuius</span> <span class='ocrx_word' id='word_1_202' title='bbox 1844 1782 1883 1823; x_wconf 85' lang='lat'>&amp;</span> <span class='ocrx_word' id='word_1_203' title='bbox 1903 1793 1992 1823; x_wconf 89' lang='lat' dir='ltr'>tan-</span> 
     </span>
     <span class='ocr_line' id='line_1_26' title="bbox 618 1841 1991 1896; baseline -0.003 -12"><span class='ocrx_word' id='word_1_204' title='bbox 618 1855 705 1884; x_wconf 93' lang='lat' dir='ltr'>tum</span> <span class='ocrx_word' id='word_1_205' title='bbox 720 1856 886 1883; x_wconf 90' lang='lat' dir='ltr'>munere</span> <span class='ocrx_word' id='word_1_206' title='bbox 899 1842 947 1882; x_wconf 91' lang='lat' dir='ltr'>de</span> <span class='ocrx_word' id='word_1_207' title='bbox 959 1842 1100 1881; x_wconf 91' lang='lat' dir='ltr'>eadem</span> <span class='ocrx_word' id='word_1_208' title='bbox 1117 1855 1235 1881; x_wconf 88' lang='lat' dir='ltr'>cruce</span> <span class='ocrx_word' id='word_1_209' title='bbox 1250 1841 1336 1880; x_wconf 87' lang='lat' dir='ltr'>haec</span> <span class='ocrx_word' id='word_1_210' title='bbox 1353 1841 1509 1880; x_wconf 88' lang='lat' dir='ltr'>minuta</span> <span class='ocrx_word' id='word_1_211' title='bbox 1524 1841 1616 1881; x_wconf 91' lang='lat' dir='ltr'>sacri</span> <span class='ocrx_word' id='word_1_212' title='bbox 1634 1841 1731 1896; x_wconf 87' lang='lat' dir='ltr'>ligni</span> <span class='ocrx_word' id='word_1_213' title='bbox 1743 1843 1790 1881; x_wconf 89' lang='lat' dir='ltr'>ad</span> <span class='ocrx_word' id='word_1_214' title='bbox 1804 1855 1991 1896; x_wconf 88' lang='lat' dir='ltr'>magnam</span> 
     </span>
     <span class='ocr_line' id='line_1_27' title="bbox 617 1898 1994 1955; baseline -0.002 -12"><span class='ocrx_word' id='word_1_215' title='bbox 617 1903 710 1943; x_wconf 91' lang='lat' dir='ltr'>fidei</span> <span class='ocrx_word' id='word_1_216' title='bbox 729 1903 767 1942; x_wconf 86' lang='lat'>&amp;</span> <span class='ocrx_word' id='word_1_217' title='bbox 783 1900 1078 1941; x_wconf 66' lang='lat' dir='ltr'>beneditffionis</span> <span class='ocrx_word' id='word_1_218' title='bbox 1095 1901 1266 1953; x_wconf 85' lang='lat' dir='ltr'>gratiam</span> <span class='ocrx_word' id='word_1_219' title='bbox 1280 1900 1417 1939; x_wconf 92' lang='lat' dir='ltr'>haberi</span> <span class='ocrx_word' id='word_1_220' title='bbox 1435 1900 1560 1940; x_wconf 91' lang='lat' dir='ltr'>datur.</span> <span class='ocrx_word' id='word_1_221' title='bbox 1580 1898 1689 1955; x_wconf 70' lang='lat' dir='ltr'>Quae</span> <span class='ocrx_word' id='word_1_222' title='bbox 1705 1900 1872 1954; x_wconf 91' lang='lat' dir='ltr'>quidem</span> <span class='ocrx_word' id='word_1_223' title='bbox 1883 1914 1994 1955; x_wconf 86' lang='lat' dir='ltr'>crux,</span> 
     </span>
     <span class='ocr_line' id='line_1_28' title="bbox 620 1958 1994 2016; baseline -0.002 -14"><span class='ocrx_word' id='word_1_224' title='bbox 620 1963 658 2002; x_wconf 92' lang='lat' dir='ltr'>in</span> <span class='ocrx_word' id='word_1_225' title='bbox 676 1963 842 2002; x_wconf 83' lang='lat' dir='ltr'>materia</span> <span class='ocrx_word' id='word_1_226' title='bbox 854 1959 1045 2000; x_wconf 89' lang='lat' dir='ltr'>insensata</span> <span class='ocrx_word' id='word_1_227' title='bbox 1056 1960 1138 1998; x_wconf 92' lang='lat' dir='ltr'>vim</span> <span class='ocrx_word' id='word_1_228' title='bbox 1148 1959 1281 1998; x_wconf 92' lang='lat' dir='ltr'>vivam</span> <span class='ocrx_word' id='word_1_229' title='bbox 1293 1969 1447 2009; x_wconf 90' lang='lat' dir='ltr'>tenens,</span> <span class='ocrx_word' id='word_1_230' title='bbox 1462 1959 1517 1998; x_wconf 90' lang='lat' dir='ltr'>ita</span> <span class='ocrx_word' id='word_1_231' title='bbox 1527 1973 1575 1998; x_wconf 86' lang='lat' dir='ltr'>ex</span> <span class='ocrx_word' id='word_1_232' title='bbox 1591 1958 1661 1998; x_wconf 90' lang='lat' dir='ltr'>illo</span> <span class='ocrx_word' id='word_1_233' title='bbox 1676 1970 1858 2016; x_wconf 91' lang='lat' dir='ltr'>tempore</span> <span class='ocrx_word' id='word_1_234' title='bbox 1875 1961 1994 1999; x_wconf 91' lang='lat' dir='ltr'>innu-</span> 
     </span>
     <span class='ocr_line' id='line_1_29' title="bbox 620 2017 1994 2073; baseline -0.002 -12"><span class='ocrx_word' id='word_1_235' title='bbox 620 2021 742 2061; x_wconf 90' lang='lat' dir='ltr'>meris</span> <span class='ocrx_word' id='word_1_236' title='bbox 759 2034 861 2073; x_wconf 92' lang='lat' dir='ltr'>pene</span> <span class='ocrx_word' id='word_1_237' title='bbox 880 2019 1064 2073; x_wconf 89' lang='lat' dir='ltr'>quotidie</span> <span class='ocrx_word' id='word_1_238' title='bbox 1086 2018 1300 2058; x_wconf 91' lang='lat' dir='ltr'>hominum</span> <span class='ocrx_word' id='word_1_239' title='bbox 1325 2018 1430 2058; x_wconf 88' lang='lat' dir='ltr'>votis</span> <span class='ocrx_word' id='word_1_240' title='bbox 1447 2017 1601 2071; x_wconf 90' lang='lat' dir='ltr'>lignum</span> <span class='ocrx_word' id='word_1_241' title='bbox 1617 2017 1729 2057; x_wconf 92' lang='lat' dir='ltr'>suum</span> <span class='ocrx_word' id='word_1_242' title='bbox 1744 2019 1994 2069; x_wconf 90' lang='lat' dir='ltr'>commodat,</span> 
     </span>
     <span class='ocr_line' id='line_1_30' title="bbox 619 2076 1993 2130; baseline -0.002 -10"><span class='ocrx_word' id='word_1_243' title='bbox 619 2092 664 2121; x_wconf 90' lang='lat' dir='ltr'>ut</span> <span class='ocrx_word' id='word_1_244' title='bbox 680 2080 922 2120; x_wconf 89' lang='lat' dir='ltr'>detrimenta</span> <span class='ocrx_word' id='word_1_245' title='bbox 941 2092 1024 2117; x_wconf 91' lang='lat' dir='ltr'>non</span> <span class='ocrx_word' id='word_1_246' title='bbox 1044 2078 1184 2117; x_wconf 89' lang='lat' dir='ltr'>sentiat</span> <span class='ocrx_word' id='word_1_247' title='bbox 1203 2076 1242 2116; x_wconf 89' lang='lat'>&amp;</span> <span class='ocrx_word' id='word_1_248' title='bbox 1258 2076 1364 2130; x_wconf 79' lang='lat' dir='ltr'>quasi</span> <span class='ocrx_word' id='word_1_249' title='bbox 1385 2077 1534 2117; x_wconf 67' lang='lat' dir='ltr'>inta&amp;a</span> <span class='ocrx_word' id='word_1_250' title='bbox 1550 2088 1795 2129; x_wconf 88' lang='lat' dir='ltr'>permaneat,</span> <span class='ocrx_word' id='word_1_251' title='bbox 1811 2078 1993 2130; x_wconf 89' lang='lat' dir='ltr'>quotidie</span> 
     </span>
     <span class='ocr_line' id='line_1_31' title="bbox 621 2135 1994 2188; baseline -0.003 -9"><span class='ocrx_word' id='word_1_252' title='bbox 621 2139 785 2179; x_wconf 90' lang='lat' dir='ltr'>dividua</span> <span class='ocrx_word' id='word_1_253' title='bbox 812 2136 1059 2176; x_wconf 88' lang='lat' dir='ltr'>sumentibus</span> <span class='ocrx_word' id='word_1_254' title='bbox 1089 2135 1126 2176; x_wconf 88' lang='lat'>&amp;</span> <span class='ocrx_word' id='word_1_255' title='bbox 1156 2135 1311 2188; x_wconf 88' lang='lat' dir='ltr'>semper</span> <span class='ocrx_word' id='word_1_256' title='bbox 1338 2145 1422 2175; x_wconf 90' lang='lat' dir='ltr'>tota</span> <span class='ocrx_word' id='word_1_257' title='bbox 1455 2135 1751 2175; x_wconf 85' lang='lat' dir='ltr'>venerantibus.</span> <span class='ocrx_word' id='word_1_258' title='bbox 1782 2135 1857 2175; x_wconf 88' lang='lat' dir='ltr'>Sed</span> <span class='ocrx_word' id='word_1_259' title='bbox 1881 2135 1994 2175; x_wconf 90' lang='lat' dir='ltr'>istam</span> 
     </span>
     <span class='ocr_line' id='line_1_32' title="bbox 622 2193 1994 2252; baseline -0.002 -14"><span class='ocrx_word' id='word_1_260' title='bbox 622 2196 913 2252; x_wconf 89' lang='lat' dir='ltr'>imputribilem</span> <span class='ocrx_word' id='word_1_261' title='bbox 945 2196 1135 2235; x_wconf 90' lang='lat' dir='ltr'>virtutem</span> <span class='ocrx_word' id='word_1_262' title='bbox 1169 2194 1207 2234; x_wconf 88' lang='lat'>&amp;</span> <span class='ocrx_word' id='word_1_263' title='bbox 1239 2194 1511 2234; x_wconf 89' lang='lat' dir='ltr'>indetribilem</span> <span class='ocrx_word' id='word_1_264' title='bbox 1541 2193 1780 2233; x_wconf 91' lang='lat' dir='ltr'>soliditatem</span> <span class='ocrx_word' id='word_1_265' title='bbox 1810 2195 1859 2234; x_wconf 90' lang='lat' dir='ltr'>de</span> <span class='ocrx_word' id='word_1_266' title='bbox 1887 2194 1994 2235; x_wconf 92' lang='lat' dir='ltr'>illius</span> 
     </span>
     <span class='ocr_line' id='line_1_33' title="bbox 623 2252 1996 2312; baseline -0.004 -14"><span class='ocrx_word' id='word_1_267' title='bbox 623 2257 804 2312; x_wconf 66' lang='lat' dir='ltr'>profe&amp;o</span> <span class='ocrx_word' id='word_1_268' title='bbox 838 2254 969 2294; x_wconf 90' lang='lat' dir='ltr'>carnis</span> <span class='ocrx_word' id='word_1_269' title='bbox 996 2253 1184 2308; x_wconf 87' lang='lat' dir='ltr'>sanguine</span> <span class='ocrx_word' id='word_1_270' title='bbox 1215 2253 1329 2304; x_wconf 81' lang='lat' dir='ltr'>bibit,</span> <span class='ocrx_word' id='word_1_271' title='bbox 1361 2268 1451 2307; x_wconf 85' lang='lat' dir='ltr'>quae</span> <span class='ocrx_word' id='word_1_272' title='bbox 1472 2252 1576 2307; x_wconf 86' lang='lat' dir='ltr'>paffa</span> <span class='ocrx_word' id='word_1_273' title='bbox 1595 2264 1770 2293; x_wconf 90' lang='lat' dir='ltr'>mortem</span> <span class='ocrx_word' id='word_1_274' title='bbox 1790 2267 1873 2292; x_wconf 91' lang='lat' dir='ltr'>non</span> <span class='ocrx_word' id='word_1_275' title='bbox 1894 2253 1996 2292; x_wconf 91' lang='lat' dir='ltr'>vidit</span> 
     </span>
     <span class='ocr_line' id='line_1_34' title="bbox 622 2311 1995 2370; baseline -0.005 -12"><span class='ocrx_word' id='word_1_276' title='bbox 622 2315 946 2370; x_wconf 85' lang='lat' dir='ltr'>corruptionem.</span> <span class='ocrx_word' id='word_1_277' title='bbox 975 2313 1187 2366; x_wconf 87' lang='lat' dir='ltr'>Speramus</span> <span class='ocrx_word' id='word_1_278' title='bbox 1206 2323 1342 2352; x_wconf 90' lang='lat' dir='ltr'>autem</span> <span class='ocrx_word' id='word_1_279' title='bbox 1363 2312 1401 2353; x_wconf 87' lang='lat'>&amp;</span> <span class='ocrx_word' id='word_1_280' title='bbox 1421 2313 1535 2353; x_wconf 92' lang='lat' dir='ltr'>vobis</span> <span class='ocrx_word' id='word_1_281' title='bbox 1554 2326 1636 2352; x_wconf 92' lang='lat' dir='ltr'>non</span> <span class='ocrx_word' id='word_1_282' title='bbox 1658 2311 1785 2352; x_wconf 91' lang='lat' dir='ltr'>solum</span> <span class='ocrx_word' id='word_1_283' title='bbox 1805 2311 1995 2351; x_wconf 91' lang='lat' dir='ltr'>benedic-</span> 
     </span>
     <span class='ocr_line' id='line_1_35' title="bbox 623 2371 1996 2425; baseline -0.005 -9"><span class='ocrx_word' id='word_1_284' title='bbox 623 2375 745 2416; x_wconf 91' lang='lat' dir='ltr'>tionis</span> <span class='ocrx_word' id='word_1_285' title='bbox 778 2373 1048 2423; x_wconf 87' lang='lat' dir='ltr'>monimento,</span> <span class='ocrx_word' id='word_1_286' title='bbox 1076 2372 1138 2411; x_wconf 93' lang='lat' dir='ltr'>sed</span> <span class='ocrx_word' id='word_1_287' title='bbox 1162 2371 1199 2411; x_wconf 87' lang='lat'>&amp;</span> <span class='ocrx_word' id='word_1_288' title='bbox 1225 2372 1543 2425; x_wconf 89' lang='lat' dir='ltr'>incorruptionis</span> <span class='ocrx_word' id='word_1_289' title='bbox 1572 2371 1783 2411; x_wconf 89' lang='lat' dir='ltr'>seminario</span> <span class='ocrx_word' id='word_1_290' title='bbox 1805 2371 1996 2421; x_wconf 88' lang='lat' dir='ltr'>futurum,</span> 
     </span>
     <span class='ocr_line' id='line_1_36' title="bbox 624 2429 1993 2485; baseline -0.004 -11"><span class='ocrx_word' id='word_1_291' title='bbox 624 2445 667 2475; x_wconf 90' lang='lat' dir='ltr'>ut</span> <span class='ocrx_word' id='word_1_292' title='bbox 687 2435 771 2474; x_wconf 91' lang='lat' dir='ltr'>eius</span> <span class='ocrx_word' id='word_1_293' title='bbox 801 2431 996 2485; x_wconf 67' lang='lat' dir='ltr'>inspeetio</span> <span class='ocrx_word' id='word_1_294' title='bbox 1025 2430 1147 2470; x_wconf 89' lang='lat' dir='ltr'>fidem</span> <span class='ocrx_word' id='word_1_295' title='bbox 1177 2430 1350 2470; x_wconf 87' lang='lat' dir='ltr'>vestram</span> <span class='ocrx_word' id='word_1_296' title='bbox 1380 2430 1501 2470; x_wconf 91' lang='lat' dir='ltr'>etiam</span> <span class='ocrx_word' id='word_1_297' title='bbox 1522 2430 1571 2470; x_wconf 91' lang='lat' dir='ltr'>de</span> <span class='ocrx_word' id='word_1_298' title='bbox 1590 2430 1869 2470; x_wconf 88' lang='lat' dir='ltr'>recordatione</span> <span class='ocrx_word' id='word_1_299' title='bbox 1891 2429 1993 2469; x_wconf 91' lang='lat' dir='ltr'>beati</span> 
     </span>
     <span class='ocr_line' id='line_1_37' title="bbox 626 2486 1996 2543; baseline -0.004 -11"><span class='ocrx_word' id='word_1_300' title='bbox 626 2491 732 2532; x_wconf 92' lang='lat' dir='ltr'>illius</span> <span class='ocrx_word' id='word_1_301' title='bbox 767 2492 938 2531; x_wconf 89' lang='lat' dir='ltr'>latronis</span> <span class='ocrx_word' id='word_1_302' title='bbox 973 2490 1180 2539; x_wconf 88' lang='lat' dir='ltr'>accendat,</span> <span class='ocrx_word' id='word_1_303' title='bbox 1217 2489 1285 2543; x_wconf 92' lang='lat' dir='ltr'>qui</span> <span class='ocrx_word' id='word_1_304' title='bbox 1321 2489 1422 2528; x_wconf 92' lang='lat' dir='ltr'>bene</span> <span class='ocrx_word' id='word_1_305' title='bbox 1457 2487 1569 2528; x_wconf 92' lang='lat' dir='ltr'>verso</span> <span class='ocrx_word' id='word_1_306' title='bbox 1610 2487 1821 2528; x_wconf 89' lang='lat' dir='ltr'>latrocinio</span> <span class='ocrx_word' id='word_1_307' title='bbox 1856 2486 1996 2540; x_wconf 88' lang='lat' dir='ltr'>longas</span> 
     </span>
     <span class='ocr_line' id='line_1_38' title="bbox 625 2546 1997 2605; baseline -0.004 -14"><span class='ocrx_word' id='word_1_308' title='bbox 625 2552 664 2591; x_wconf 91' lang='lat' dir='ltr'>in</span> <span class='ocrx_word' id='word_1_309' title='bbox 687 2551 844 2605; x_wconf 89' lang='lat' dir='ltr'>magnis</span> <span class='ocrx_word' id='word_1_310' title='bbox 875 2548 1080 2589; x_wconf 91' lang='lat' dir='ltr'>laboribus</span> <span class='ocrx_word' id='word_1_311' title='bbox 1111 2548 1338 2588; x_wconf 61' lang='lat' dir='ltr'>sancitorum</span> <span class='ocrx_word' id='word_1_312' title='bbox 1358 2548 1441 2587; x_wconf 87' lang='lat' dir='ltr'>vias</span> <span class='ocrx_word' id='word_1_313' title='bbox 1463 2547 1511 2587; x_wconf 89' lang='lat' dir='ltr'>de</span> <span class='ocrx_word' id='word_1_314' title='bbox 1532 2547 1729 2587; x_wconf 91' lang='lat' dir='ltr'>momenti</span> <span class='ocrx_word' id='word_1_315' title='bbox 1749 2546 1828 2586; x_wconf 89' lang='lat' dir='ltr'>fide</span> <span class='ocrx_word' id='word_1_316' title='bbox 1848 2546 1886 2586; x_wconf 89' lang='lat'>&amp;</span> <span class='ocrx_word' id='word_1_317' title='bbox 1906 2561 1997 2586; x_wconf 93' lang='lat' dir='ltr'>mo—</span> 
     </span>
     <span class='ocr_line' id='line_1_39' title="bbox 626 2603 1999 2660; baseline -0.004 -11"><span class='ocrx_word' id='word_1_318' title='bbox 626 2619 764 2649; x_wconf 90' lang='lat' dir='ltr'>mento</span> <span class='ocrx_word' id='word_1_319' title='bbox 789 2607 1045 2648; x_wconf 84' lang='lat' dir='ltr'>confeffionis</span> <span class='ocrx_word' id='word_1_320' title='bbox 1066 2606 1302 2660; x_wconf 89' lang='lat' dir='ltr'>anticipans,</span> <span class='ocrx_word' id='word_1_321' title='bbox 1322 2620 1403 2646; x_wconf 89' lang='lat' dir='ltr'>non</span> <span class='ocrx_word' id='word_1_322' title='bbox 1425 2606 1627 2646; x_wconf 90' lang='lat' dir='ltr'>immerito</span> <span class='ocrx_word' id='word_1_323' title='bbox 1648 2616 1740 2645; x_wconf 91' lang='lat' dir='ltr'>ante</span> <span class='ocrx_word' id='word_1_324' title='bbox 1760 2605 1865 2658; x_wconf 90' lang='lat' dir='ltr'>ipsos</span> <span class='ocrx_word' id='word_1_325' title='bbox 1887 2603 1999 2658; x_wconf 91' lang='lat' dir='ltr'>apos-</span> 
     </span>
     <span class='ocr_line' id='line_1_40' title="bbox 626 2665 1999 2721; baseline -0.004 -13"><span class='ocrx_word' id='word_1_326' title='bbox 626 2668 731 2709; x_wconf 90' lang='lat' dir='ltr'>tolos</span> <span class='ocrx_word' id='word_1_327' title='bbox 758 2668 796 2708; x_wconf 88' lang='lat'>&amp;</span> <span class='ocrx_word' id='word_1_328' title='bbox 827 2677 1020 2720; x_wconf 88' lang='lat' dir='ltr'>martyres</span> <span class='ocrx_word' id='word_1_329' title='bbox 1045 2676 1313 2720; x_wconf 65' lang='lat' dir='ltr'>praeparatum</span> <span class='ocrx_word' id='word_1_330' title='bbox 1344 2665 1429 2721; x_wconf 86' lang='lat' dir='ltr'>ipfis</span> <span class='ocrx_word' id='word_1_331' title='bbox 1457 2667 1504 2705; x_wconf 84' lang='lat' dir='ltr'>ab</span> <span class='ocrx_word' id='word_1_332' title='bbox 1533 2665 1645 2715; x_wconf 82' lang='lat' dir='ltr'>initio,</span> <span class='ocrx_word' id='word_1_333' title='bbox 1677 2675 1720 2704; x_wconf 92' lang='lat' dir='ltr'>ut</span> <span class='ocrx_word' id='word_1_334' title='bbox 1749 2665 1816 2714; x_wconf 90' lang='lat' dir='ltr'>ait,</span> <span class='ocrx_word' id='word_1_335' title='bbox 1845 2679 1999 2716; x_wconf 89' lang='lat' dir='ltr'>regnum</span> 
     </span>
     <span class='ocr_line' id='line_1_41' title="bbox 629 2721 1996 2781; baseline -0.003 -15"><span class='ocrx_word' id='word_1_336' title='bbox 629 2727 785 2781; x_wconf 90' lang='lat' dir='ltr'>primus</span> <span class='ocrx_word' id='word_1_337' title='bbox 814 2725 955 2766; x_wconf 88' lang='lat' dir='ltr'>invafit</span> <span class='ocrx_word' id='word_1_338' title='bbox 987 2726 1025 2766; x_wconf 88' lang='lat'>&amp;</span> <span class='ocrx_word' id='word_1_339' title='bbox 1055 2726 1143 2779; x_wconf 93' lang='lat' dir='ltr'>pius</span> <span class='ocrx_word' id='word_1_340' title='bbox 1173 2724 1266 2765; x_wconf 87' lang='lat' dir='ltr'>coeli</span> <span class='ocrx_word' id='word_1_341' title='bbox 1303 2725 1439 2778; x_wconf 89' lang='lat' dir='ltr'>praedo</span> <span class='ocrx_word' id='word_1_342' title='bbox 1468 2724 1647 2776; x_wconf 87' lang='lat' dir='ltr'>diripuit,</span> <span class='ocrx_word' id='word_1_343' title='bbox 1678 2723 1773 2776; x_wconf 90' lang='lat' dir='ltr'>quia</span> <span class='ocrx_word' id='word_1_344' title='bbox 1793 2721 1996 2764; x_wconf 88' lang='lat' dir='ltr'>Christum</span> 
     </span>
     <span class='ocr_line' id='line_1_42' title="bbox 626 2782 1998 2837; baseline -0.004 -11"><span class='ocrx_word' id='word_1_345' title='bbox 626 2784 862 2826; x_wconf 89' lang='lat' dir='ltr'>crucifixum</span> <span class='ocrx_word' id='word_1_346' title='bbox 891 2784 1149 2825; x_wconf 79' lang='lat' dir='ltr'>similitudine</span> <span class='ocrx_word' id='word_1_347' title='bbox 1171 2783 1246 2823; x_wconf 87' lang='lat' dir='ltr'>suae</span> <span class='ocrx_word' id='word_1_348' title='bbox 1267 2798 1399 2836; x_wconf 83' lang='lat' dir='ltr'>poenae</span> <span class='ocrx_word' id='word_1_349' title='bbox 1419 2784 1558 2823; x_wconf 90' lang='lat' dir='ltr'>videns</span> <span class='ocrx_word' id='word_1_350' title='bbox 1580 2783 1619 2822; x_wconf 89' lang='lat' dir='ltr'>in</span> <span class='ocrx_word' id='word_1_351' title='bbox 1640 2797 1689 2822; x_wconf 91' lang='lat' dir='ltr'>eo</span> <span class='ocrx_word' id='word_1_352' title='bbox 1709 2782 1822 2832; x_wconf 90' lang='lat' dir='ltr'>statu,</span> <span class='ocrx_word' id='word_1_353' title='bbox 1848 2782 1898 2821; x_wconf 88' lang='lat' dir='ltr'>de</span> <span class='ocrx_word' id='word_1_354' title='bbox 1917 2795 1998 2837; x_wconf 92' lang='lat' dir='ltr'>quo</span> 
     </span>
    </p>
   </div>
  </div>
 </body>
</html>
