2131 3552
754 205 804 263 (s.
835 204 985 260 {V-Xl)
1470 216 1554 263 roc)

434 378 444 392 ‹-
474 364 576 395 Mons
597 360 717 394 Oliveti
737 360 778 392 ad
797 360 957 392 orientem
981 357 1234 403 Hierosolymae,
1258 364 1402 390 torrente
1423 358 1557 389 Cedron

382 415 600 456 interfluente,
633 412 688 445 ubi
709 412 824 445 ultima
843 411 978 454 vestigia
999 409 1134 443 Domini
1154 410 1255 442 humo
1276 408 1426 453 impreffa
1445 409 1558 442 hodie-

382 481 446 513 que
471 467 699 500 monstrantur.
732 467 886 508 Cumque
905 472 989 496 terra
1008 464 1123 496 eadem
1144 462 1293 506 quotidie
1311 474 1330 494 a
1351 462 1560 494 credentibus

382 521 560 560 hauriatur,
591 518 803 551 nihilominus
824 525 934 549 tamen
962 516 1077 549 eadem
1097 516 1204 548 saneta
1230 514 1365 558 vestigia
1391 514 1560 558 pristinum

383 575 499 607 statum
519 572 676 605 continuo
690 570 860 614 recipiunt.
882 569 1036 614 Denique
1051 581 1125 601 cum
1141 568 1286 609 ecclefia,
1300 568 1330 600 in
1343 568 1433 600 cuius
1449 568 1561 600 medio

382 628 466 667 sunt,
507 625 652 658 rotundo
692 624 856 656 schemate
891 624 920 655 δι
954 621 1173 666 pulcherrimo
1218 633 1316 665 opere
1353 621 1561 662 conderetur,

384 682 545 712 surnmum
562 686 690 710 tantuin
707 688 878 717 cacumen,
898 684 931 708 ut
946 675 1132 719 perhibent,
1151 683 1284 718 propter
1305 673 1471 706 Dominici
1490 685 1562 706 cor-

385 732 471 778 poris
491 739 636 764 meatum
668 730 756 763 nullo
777 730 878 762 modo
897 728 1030 772 contegi
1059 729 1088 761 Sc
1107 727 1332 760 concamerari
1361 727 1481 771 potuit,
1510 727 1561 760 sed

386 784 536 818 transitus
557 783 623 816 eius
643 795 660 815 a
680 791 764 816 terra
783 782 824 814 ad
844 782 964 815 coelum
987 780 1088 825 usque
1109 788 1199 824 patet
1220 789 1381 824 apertum.
1406 794 1417 811 ι)

431 859 478 904 [S.
504 859 744 904 Hieronymus,
775 858 869 891 Liber
898 857 1056 890 nominum
1080 857 1216 890 locorum
1248 867 1290 890 ex
1322 856 1409 890 Aeris
1440 855 1564 899 Aposto-

382 913 485 947 lorum
503 913 652 957 (Migne,
668 914 757 945 Patr.
777 912 847 952 lat„
868 912 998 952 XXIII,
1016 921 1044 943 c.
1072 911 1202 954 1301).]

435 1009 447 1026 (ι
470 995 553 1027 Illud
578 994 712 1035 mirum,
736 994 827 1038 quod
845 993 939 1026 locus
960 993 1009 1026 ille
1029 992 1059 1025 in
1079 1004 1146 1036 quo
1165 992 1364 1036 postremum
1385 990 1565 1024 institerant

384 1048 494 1081 divina
513 1047 657 1091 vestigia,
677 1059 752 1080 cum
772 1048 802 1079 in
821 1046 942 1080 coelum
959 1047 1124 1079 Dominus
1145 1048 1233 1079 nube
1249 1045 1392 1079 sublatus
1412 1045 1469 1086 est,
1487 1054 1566 1076 con-

385 1101 504 1133 tinuari
534 1100 724 1144 pavimento
758 1111 832 1132 cum
867 1098 990 1143 reliqua
1021 1100 1193 1132 stratorum
1223 1107 1315 1143 parte
1346 1109 1409 1130 non
1442 1096 1565 1141 potuit:

386 1149 543 1198 s1quidem
571 1164 792 1198 quaecumque
810 1152 1075 1197 applicabantur,
1094 1152 1232 1185 insolens
1251 1153 1395 1184 humana
1411 1149 1567 1193 suscipere

384 1215 470 1240 terra
499 1206 675 1250 respueret,
697 1206 831 1239 excuffis
850 1206 881 1238 in
900 1218 956 1239 ora
976 1205 1212 1250 apponentium
1234 1206 1317 1249 saepe
1337 1202 1566 1236 marmoribus.

387 1260 475 1299 Quin
505 1260 603 1292 etiam
634 1259 750 1292 calcati
770 1261 846 1292 Deo
867 1259 1006 1303 pulveris
1038 1259 1123 1291 adeo
1156 1270 1299 1303 perenne
1328 1258 1567 1290 documentum

388 1313 444 1353 est,
472 1321 507 1345 ut
532 1312 664 1356 vestigia
693 1312 842 1356 impressa
862 1321 1050 1353 cernantur,
1078 1314 1107 1344 δε
1138 1323 1213 1345 cum
1234 1311 1382 1356 quotidie
1400 1308 1568 1342 confluen-

389 1367 472 1399 tium
500 1366 580 1398 fides
600 1366 750 1398 certatim
781 1366 930 1398 Domino
949 1365 1077 1398 calcata
1097 1365 1239 1409 diripiat,
1270 1365 1429 1396 damnum
1458 1370 1568 1394 tamen

388 1431 486 1452 arena
506 1431 570 1451 non
590 1419 718 1460 sentiat,
756 1419 787 1451 δε
806 1419 922 1451 eadem
942 1419 1051 1451 adhuc
1070 1418 1115 1450 sui
1137 1418 1287 1462 speciem,
1306 1417 1395 1450 velut
1413 1414 1570 1459 impressis

389 1472 515 1517 signata
533 1472 688 1516 vestigiis,
711 1481 795 1505 terra
815 1472 966 1505 custodit.
991 1486 1002 1502 1>

439 1548 611 1592 [Sulpicius
630 1550 778 1591 Severus,
796 1549 1003 1592 Hist.sacra‚
1024 1549 1042 1581 Ι.
1065 1549 1106 1589 11,
1124 1559 1153 1580 c.
1176 1559 1214 1588 33
1233 1546 1386 1590 (Migne,
1399 1547 1488 1579 Patr.
1502 1545 1571 1589 lat„

390 1603 468 1643 XX,
493 1613 523 1635 c.
548 1604 648 1645 148);
673 1601 713 1635 cf.
736 1602 828 1634 Beda
859 1601 1066 1643 venerabilis,
1084 1602 1135 1634 De
1155 1599 1390 1642 Locissanllis,
1408 1611 1437 1632 c.
1461 1611 1478 1639 7
1501 1598 1572 1642 (ed.

391 1655 497 1700 supra,
516 1663 537 1688 t.
560 1657 586 1696 I,
608 1667 638 1698 p.
662 1656 769 1696 222).]

0 1757 26 1803 s.
55 1756 184 1802 lV-XI
203 1757 510 1802 ZENoDoRus
524 1757 761 1818 meilenfis,
784 1756 1081 1800 ANTIOCHUS
1098 1757 1327 1815 Ἐοβνεῃῄς,
1349 1754 1574 1798 ARPAGIS

205 1827 244 1872 ἃ
263 1828 342 1883 alij
356 1830 570 1888 peregrini
587 1846 607 1871 e
627 1829 891 1887 Qobatlzena
913 1826 951 1870 δ’
972 1828 1114 1884 ‘Bostra
1133 1829 1173 1868 in
1196 1825 1445 1883 Polyandria
1466 1827 1573 1871 iuxta

203 1899 523 1959 Hierosolymam
536 1903 630 1960 fita,
658 1916 757 1942 nunc
781 1896 989 1942 Tumulus
1020 1895 1329 1957 Prophetarum
1355 1911 1573 1955 nuncupata

193 1970 362 2031 sepulti.
401 1976 503 2019 (126)

301 2050 540 2095 [Insc›·iptiones
573 2062 691 2094 graecae
719 2063 738 2083 a
769 2050 810 2084 cl.
842 2062 871 2083 v.
906 2049 1277 2083 Clermont-Ganneau
1311 2047 1450 2091 (Revue
1483 2046 1576 2089 Crit.‚

210 2108 309 2145 1878,
325 2106 353 2147 Ι,
375 2108 450 2145 184,
472 2115 549 2146 199,
568 2104 652 2148 216)
673 2103 861 2145 recenfitae.]

255 2169 325 2214 (Cf.
344 2170 469 2204 Itinera
480 2181 605 2214 graeca,
625 2170 668 2212 1.)
