2131 3552
539 302 567 352 8
1168 301 1274 369 (79)

538 462 621 520 ipsa
636 477 725 515 gens
747 461 968 502 Phoenicum
994 462 1031 501 in
1060 478 1202 516 magna
1229 463 1357 516 gloria
1385 464 1601 504 litterarum
1633 463 1852 504 inventionis
1871 465 1916 503 Εἴ

533 528 713 581 fiderum,
732 528 1006 580 navaliumque
1027 544 1070 568 ac
1092 529 1311 569 bellicarum
1333 529 1485 569 artium.

592 598 671 645 (14)
689 592 729 632 A
741 590 897 633 Pelufio
920 593 1109 633 Chabriae
1126 594 1266 647 castra,
1284 590 1423 634 Cafius
1445 607 1576 644 mons,
1595 594 1793 633 delubrum
1815 593 1917 634 Iovis

539 656 657 712 Castj,
672 657 834 697 tumulus
847 657 977 710 magni
992 657 1153 709 Pompei.
1172 656 1386 697 Ostracine
1404 657 1554 696 Arabia
1559 656 1715 712 finitur,
1735 674 1758 698 a
1776 657 1918 714 Pelusio

538 722 620 762 lxv.
647 738 694 762 m.
723 721 915 776 paffuum.
954 722 1031 774 (13)
1063 721 1165 761 Mox
1195 720 1375 761 ldumaea
1404 722 1530 775 incipit
1557 723 1601 761 ὀῖ’
1633 721 1839 763 Palaestina
1870 724 1918 764 ab

539 787 682 845 emersu
703 786 885 827 Sirbonis
905 787 1023 836 lacus,
1043 801 1146 838 quem
1167 786 1318 838 quidam
1338 786 1382 825 cl.
1397 788 1632 842 7n.paffitum
1652 788 1809 827 circuitu
1833 799 1919 828 tra-

542 852 679 892 didere.
701 851 916 892 Herodotus
937 850 1044 906 Casto
1073 852 1185 890 monti
1204 852 1397 906 adplicuit,
1417 867 1512 891 nunc
1547 854 1597 906 est
1623 853 1738 906 palus
1763 854 1916 894 modica.

543 916 700 971 Oppida
711 915 991 956 Rhinocolura
1013 917 1054 954 δ’
1075 916 1171 955 intus
1182 915 1364 968 Raphea,
1378 915 1498 956 Gaza
1510 917 1553 955 &-
1569 916 1666 957 intus
1681 918 1919 970 Anthedon,

541 996 638 1021 mons
651 981 826 1034 Argaris.
846 980 963 1033 Regio
978 991 1049 1033 per
1066 996 1170 1020 oram
1187 980 1375 1031 Samaria,
1395 981 1564 1034 oppidum
1581 981 1728 1021 Ascalo
1744 982 1920 1032 liberum,

542 1046 716 1096 Azotos,
736 1043 911 1084 Iamneae
940 1046 1038 1095 duae,
1058 1045 1183 1084 altera
1204 1048 1310 1086 intus.
1332 1043 1433 1098 Iope
1455 1045 1712 1097 Phoenieum,
1733 1046 1920 1098 antiquior

540 1121 736 1151 terrarum
757 1110 1007 1160 inundatione,
1024 1120 1065 1148 ut
1065 1111 1220 1164 ferunt,
1236 1109 1367 1165 infidet
1383 1111 1506 1150 collem
1516 1112 1745 1165 praeiacente
1748 1111 1862 1168 saxo,
1881 1111 1919 1150 in

541 1191 608 1229 quo
621 1175 855 1215 vinculorum
866 1173 1110 1215 ffizdromedae
1121 1175 1279 1229 vestigia
1291 1177 1488 1229 ostendunt.
1499 1176 1645 1216 Colitur
1656 1177 1732 1216 illic
1731 1175 1920 1232 fabulosa

542 1241 635 1281 Ceto.
648 1240 741 1280 Inde
752 1239 990 1292 Apollonia,
1007 1240 1187 1280 Stratonis
1203 1240 1336 1291 turris,
1347 1241 1473 1280 eadem
1488 1241 1683 1292 Caesarea,
1700 1243 1747 1280 ab
1764 1240 1921 1281 Herode

541 1322 626 1359 rege
639 1306 899 1355 condita,nunc
916 1304 1079 1344 colonia
1096 1304 1229 1344 Prima
1245 1304 1396 1356 Flavia,
1409 1323 1433 1345 a
1451 1305 1680 1361 Vespastano
1698 1306 1920 1359 imperatore

522 1397 527 1405 .
541 1372 707 1411 deducta.
718 1370 821 1410 Finis
836 1370 1052 1423 Palas-'ines
1066 1370 1275 1423 clxxx-viiij.
1291 1386 1338 1410 m.
1349 1381 1402 1423 pa
1405 1370 1454 1424 ff
1444 1387 1530 1410 uum
1543 1387 1566 1410 a
1582 1371 1732 1426 confinio
1743 1370 1783 1410 A
1786 1370 1919 1410 rabiae.

542 1437 644 1476 Dein
659 1435 854 1481 Phoenice;
870 1435 966 1474 intus
983 1443 1105 1473 autem
1118 1434 1319 1485 Samariae,
1332 1436 1465 1490 oppida
1480 1435 1693 1489 Neapolis,
1706 1436 1804 1488 quod
1810 1444 1921 1475 antea

544 1499 784 1540 Mamortha
799 1499 1006 1549 dicebatur,
1023 1497 1181 1538 Sebaste
1198 1500 1234 1538 in
1252 1509 1380 1550 monte,
1397 1501 1440 1539 ’ὁ
1457 1501 1590 1540 altiore
1607 1500 1795 1542 Gamala.

600 1577 646 1616 14
667 1569 757 1616 (15).
779 1563 906 1617 Supra
938 1563 1146 1603 Idumaeam
1178 1565 1220 1603 ‘U
1250 1564 1457 1605 Samaritin
1486 1563 1623 1604 Iudaea
1651 1565 1754 1618 longe
1777 1564 1922 1617 lateque

529 1630 729 1684 funditur.
755 1628 855 1668 Pars
876 1629 950 1668 cius
971 1629 1092 1681 Syriae
1112 1629 1238 1669 iuncta
1265 1629 1436 1669 Galilaea
1456 1639 1630 1681 vocatur,
1646 1629 1811 1670 Arabiae
1832 1644 1921 1668 vero

543 1697 586 1734 Εἴ
603 1695 753 1747 .Egypto
768 1704 955 1747 proxuma
974 1692 1119 1745 Peraea,
1142 1695 1286 1750 asperis
1307 1695 1475 1752 dispersa
1499 1696 1676 1735 montibus
1692 1696 1735 1734 &²
1752 1712 1774 1734 a
1795 1695 1921 1734 ceteris

544 1759 680 1798 Iudaeis
696 1758 857 1798 Iordane
879 1774 984 1797 amm
1005 1759 1178 1816 discreta.
1194 1758 1359 1811 Reliqua
1377 1758 1514 1800 Iudaea
1533 1760 1721 1800 dividitur
1734 1759 1770 1799 in
1792 1768 1921 1812 topar-

543 1824 644 1864 chias
669 1839 720 1874 x.,
740 1839 807 1876 quo
835 1824 991 1863 dicemus
1021 1824 1179 1864 ordine:
1210 1824 1510 1876 Hiericuntem,
1535 1825 1708 1879 palmetis
1737 1823 1920 1880 consitam,

530 1889 704 1942 fontibus
725 1890 890 1942 riguam,
911 1889 1145 1940 Emmaum,
1168 1889 1369 1943 Lyddam,
1396 1888 1593 1943 Iopicam,
1617 1889 1921 1939 Acrebitenam,

545 1953 1219 2006 Gophaniticam,Thamniticam,
1242 1954 1665 2008 Betholeptephenen,
1688 1954 1863 2004 Orinen,
1884 1954 1921 1992 in

543 2020 745 2073 quasuere
766 2019 1062 2073 Hierosolyma,
1075 2020 1175 2073 longe
1203 2020 1407 2075 clarifflma
1429 2021 1577 2060 urbium
1598 2020 1745 2060 orientis
1765 2035 1832 2058 non
1855 2018 1922 2058 Iu-

544 2085 638 2123 daeae
659 2085 772 2134 modo,
794 2083 1026 2123 Herodium
1047 2100 1127 2123 cum
1149 2084 1274 2137 oppido
1296 2084 1447 2136 inlustri
1467 2083 1627 2139 eiusdem
1647 2084 1810 2123 nominis.

602 2161 659 2200 15.
681 2146 872 2189 Iordanes
895 2149 1013 2189 amnis
1034 2149 1155 2188 oritur
1176 2150 1309 2203 efonte
1326 2148 1514 2200 Paniade,
1535 2150 1598 2202 qui
1616 2164 1803 2202 cognomen
1825 2148 1924 2188 dedit

546 2213 736 2254 Caesareae
756 2215 799 2253 de
819 2229 893 2266 qua
914 2214 1084 2264 dicemus,
1097 2215 1217 2254 amnis
1233 2230 1401 2254 cmzoenus
1413 2215 1456 2253 ²&
1469 2225 1644 2267 quatenus
1659 2214 1818 2253 locorum
1826 2212 1922 2268 sttus

539 2279 689 2332 patitur
703 2279 914 2336 ambitiosus
929 2279 1128 2336 accolisque
1136 2279 1185 2336 se
1195 2279 1496 2332 praebe725,velut
1514 2280 1655 2319 invitus
1664 2278 1920 2331 Asphaltiten

545 2344 668 2383 lacum
682 2344 807 2383 dirum
818 2344 1104 2397 natur-apetit,a
1116 2346 1366 2397 quopostremo
1378 2345 1536 2384 ebibitur
1546 2343 1732 2400 aquasque
1743 2343 1922 2383 laudatas

540 2410 671 2462 perdit
679 2409 927 2464 pestilentibus
943 2410 1089 2449 mixtas.
1108 2409 1209 2462 Ergo
1227 2410 1290 2448 ubi
1298 2410 1430 2462 prima
1446 2409 1674 2449 convallium
1677 2409 1767 2463 fuit
1779 2406 1922 2462 occafiO,

547 2475 583 2513 in
595 2474 718 2513 lacum
722 2475 768 2531 se
772 2474 912 2528 fundit
927 2490 1029 2526 quem
1035 2475 1166 2529 plures
1177 2473 1425 2515 Genesaram
1440 2474 1674 2527 vocant,xvj.
1685 2489 1730 2513 m.
1740 2484 1793 2527 pa
1795 2471 1921 2527 ffuum

546 2537 794 2591 longitudinis,
815 2539 868 2591 vj.
890 2555 936 2578 m.
959 2539 1181 2589 latitudinis,
1208 2539 1364 2579 amoenis
1384 2539 1680 2594 circumsaeptum
1702 2538 1853 2593 oppidis,
1873 2537 1921 2575 ab

547 2603 681 2642 oriente
692 2601 847 2643 Iuliade
862 2605 905 2642 Εἴ
919 2604 1074 2657 Hippo,
1087 2621 1109 2643 a
1125 2604 1505 2654 meridieTarichea,
1516 2619 1582 2657 quo
1597 2604 1736 2643 nominc
1748 2603 1920 2656 aliqui&

546 2667 669 2707 lacum
687 2669 892 2722 appellant,
910 2670 956 2708 ab
973 2669 1145 2708 occidente
1157 2668 1381 2708 Tiberiade
1398 2670 1503 2721 aquis
1517 2668 1822 2727 calidissalubri.

605 2734 661 2774 16.
684 2733 930 2786 Asphaltites
959 2733 1058 2774 nihil
1080 2744 1224 2787 praeter
1257 2734 1413 2773 bitumen
1440 2734 1574 2787 gignit,
1594 2735 1687 2773 unde
1714 2735 1757 2773 555*
1784 2748 1919 2773 nomen.

549 2797 714 2837 Nullum
735 2809 863 2853 corpus
885 2799 1105 2839 animalium
1127 2800 1269 2853 recipit,
1290 2800 1397 2839 tauri
1417 2799 1615 2851 camelique
1627 2799 1819 2854 fluitant‚·
1840 2797 1921 2839 inde
