2131 3552
783 231 922 291 (400)

388 380 493 421 Pene
514 393 644 422 totum
666 381 779 421 sociis
800 381 919 421 dabat
938 395 1031 421 cum
1055 383 1214 433 rediret,

384 438 470 493 Ipse
488 455 570 480 non
593 439 774 479 reficiens
795 440 926 480 donec
946 440 1122 481 esuriret.

334 498 424 538 Plus
441 512 562 552 quam
584 508 738 550 partem
760 497 873 538 sociis
894 499 1012 539 dabat
1032 515 1080 539 ex
1103 501 1267 540 invento

384 556 502 606 Pane,
522 556 587 609 qui
610 556 805 596 sufficeret
826 555 891 596 libi
915 558 979 596 vix
1002 569 1171 606 retent0‚

385 616 448 656 Sic
469 615 516 654 ab
538 615 648 654 omni
669 614 868 655 abstinens
890 616 968 655 cibi
990 615 1242 656 firmamento

386 675 447 714 Ac
468 673 494 712 fi
516 673 597 712 solo
619 674 772 713 viveret
793 673 938 714 Christi
961 674 1218 715 sacramento.

329 734 386 773 At
408 743 592 785 parentes
612 733 777 786 cognito
799 732 988 772 receffiffe
1008 744 1162 784 natum,

382 791 479 830 Heri
502 791 639 830 datum
660 792 824 844 nuptiis,
844 792 965 831 hodie
986 792 1197 844 sublatum,

382 849 470 890 Pari
493 849 689 903 plangunt
708 852 842 889 animo
867 851 1012 903 pariter
1033 862 1225 903 amatum,

382 907 496 948 Pater
515 908 666 948 habens
688 908 884 957 lacrimas,
905 920 1032 949 mater
1055 909 1265 950 ululatum.

332 968 468 1008 Ruens
491 981 639 1020 pronus
660 981 782 1007 aureo
805 979 915 1020 pater
936 982 957 1007 a
978 967 1101 1019 sedili,

382 1025 519 1066 Mater
540 1027 642 1065 inter
663 1025 843 1077 famulas,
866 1041 966 1066 uxor
987 1029 1026 1066 in
1048 1028 1185 1079 cubili,

383 1085 483 1124 Haec
504 1085 633 1124 amice
654 1085 851 1135 nominat,
871 1085 937 1125 hic
959 1085 997 1126 &
1019 1085 1086 1125 illa
1105 1086 1174 1138 fili,

380 1142 591 1183 Feminina
611 1143 783 1193 feminae,
803 1157 905 1182 voce
925 1144 986 1183 vir
1008 1144 1122 1184 virili.

331 1202 466 1242 Mittit
487 1212 598 1254 pater
617 1202 788 1241 nuncios
812 1200 1003 1241 Graeciam
1024 1203 1154 1243 metiri

381 1259 576 1317 Quasque
597 1271 718 1300 terras
739 1260 925 1299 incolunt
945 1261 1099 1301 Arabes
1122 1273 1190 1302 aut
1210 1262 1310 1315 Syri,

380 1319 433 1359 Et
453 1319 478 1358 s1
500 1330 615 1358 terrae
637 1317 787 1369 fileant,
808 1318 906 1358 freta
926 1319 1110 1371 circuire,

382 1379 442 1418 Ut
461 1375 512 1416 fic
534 1376 661 1416 saltim
680 1375 785 1417 filius
809 1375 935 1430 poss‘et
955 1378 1139 1418 inveniri.

331 1437 465 1489 Cepto
486 1449 582 1474 mox
605 1435 745 1474 itinere
769 1435 877 1488 prius
899 1449 920 1474 a
941 1436 1085 1478 vicinis

378 1495 521 1535 Errant
542 1494 580 1532 in
603 1493 862 1544 terrestribus,
883 1505 1017 1534 errant
1038 1496 1076 1535 in
1099 1498 1275 1548 marinis,

377 1554 510 1594 Terra
531 1552 632 1605 pede
653 1553 832 1603 curritur,
854 1553 997 1606 pelago
1018 1555 1178 1606 carinis,

379 1612 546 1655 Claudit
565 1611 706 1651 orbem
727 1612 852 1652 cicius
873 1626 994 1666 quam
1016 1612 1201 1653 laborum
1221 1614 1322 1655 finis.

330 1672 454 1713 Multi
477 1670 604 1710 multa
622 1670 758 1724 nuncij
782 1670 872 1709 loca
893 1667 1169 1725 pervagantes,

379 1731 470 1771 Pars
491 1728 663 1782 Ediffam
684 1729 864 1780 veniunt,
885 1730 951 1769 ubi
973 1745 1055 1770 non
1076 1743 1264 1772 vacantes

379 1787 470 1842 Ipsi,
491 1801 561 1840 pro
583 1802 662 1840 qua
681 1799 885 1838 venerant,
905 1789 1010 1828 inter
1033 1791 1309 1831 mendicantes

382 1847 491 1888 Data
511 1845 608 1899 stipe
629 1845 832 1886 transeunt
851 1847 953 1886 nihil
975 1847 1228 1901 suspicantes.

326 1907 413 1961 lpse
433 1920 529 1946 vero
552 1905 758 1958 providus,
779 1916 964 1947 metuens
985 1909 1131 1959 notari,

377 1966 485 2007 Cum
505 1962 675 2003 notaffet
693 1965 878 2014 nuncios,
899 1964 1022 2005 vellet
1043 1966 1259 2008 absentari:

381 2024 454 2065 Sed
477 2037 573 2062 mox
595 2033 638 2062 ut
659 2023 694 2061 se
715 2024 915 2076 comperit
934 2023 1059 2063 alium
1081 2025 1226 2077 putari,

378 2083 492 2123 Flere
513 2082 639 2134 coepit
660 2081 802 2132 oculis,
822 2083 960 2122 animo
982 2083 1118 2124 laetari.

324 2203 381 2242 At
402 2200 519 2254 legati
540 2199 694 2239 flebiles
715 2200 826 2239 vario
849 2201 1018 2253 dispersi,

378 2259 599 2313 Peragratis
621 2259 800 2311 partibus
821 2260 928 2300 orbis
950 2262 1134 2313 univerfi,

377 2318 476 2358 Non
499 2318 664 2357 invento
686 2318 829 2357 iuvene
851 2320 1014 2358 tandem
1034 2319 1122 2360 sunt
1142 2319 1284 2360 reverfi

377 2377 431 2417 Et
450 2376 497 2416 ad
520 2386 673 2429 patrem
694 2376 905 2417 confluunt
924 2377 1099 2419 lacrimis
1121 2378 1293 2432 respersi.

322 2494 408 2535 Iam
431 2493 517 2547 post
536 2507 686 2532 annum
707 2494 911 2534 decimum
932 2495 1120 2549 septimus
1141 2497 1330 2550 vergebat

376 2553 569 2593 Necdum
590 2551 743 2593 sanetus
765 2555 879 2606 operi
900 2566 1038 2608 coepto
1059 2554 1276 2606 defistebat,

378 2611 453 2651 Sed
475 2612 515 2651 in
537 2610 618 2663 ipso
639 2610 784 2664 iugiter
806 2613 908 2653 atrio
930 2614 1112 2666 degebat.

377 2671 460 2711 Ubi
482 2679 646 2723 propter
666 2672 842 2711 animam
862 2686 1011 2725 corpus
1031 2673 1243 2727 affligebat.

1471 245 1533 294 99
