2131 3552
817 251 955 314 (320)
1529 268 1585 316 41

227 409 349 448 etiam
374 408 662 461 discipulorum
680 407 777 447 fides
796 407 950 446 turbata
971 418 1194 456 nutaverat,
1218 406 1444 446 Dominum
1464 420 1595 448 tamen

226 467 460 517 maiestatis,
483 479 523 506 ut
545 478 640 514 erat,
661 464 856 504 consessus
878 464 932 504 est
952 486 962 511 ς
983 465 1019 504 &
1044 476 1182 517 petens
1205 466 1242 504 in
1267 479 1387 518 regno
1413 466 1491 504 Dei
1515 481 1598 506 me-

226 527 394 565 moriam
428 527 480 565 sui
517 525 616 574 fieri,
648 524 685 562 in
707 524 875 576 gloriam
901 523 1196 563 resurrectionis
1219 534 1309 562 ante
1331 523 1451 576 ipsam
1473 525 1598 563 resur-

227 584 448 624 rectionem
481 583 672 623 credidit:
714 596 835 636 quam
867 582 1048 635 apostoli,
1083 582 1219 635 postea
1247 596 1368 636 quam
1400 582 1502 621 facta
1531 583 1597 632 est,

226 658 306 682 non
341 655 495 683 tantum
518 643 707 691 videndo,
740 642 800 680 led
832 642 1079 694 experiendo
1110 641 1378 680 crediderunt.
1411 641 1501 680 Nec
1530 642 1596 694 ipli

229 714 363 742 tamen
385 703 434 742 de
457 701 747 741 resurrectione
768 701 896 740 carnis
920 701 1053 752 potius
1074 714 1194 753 quam
1226 699 1274 738 de
1298 699 1598 740 resurrectionis

227 761 420 814 qualitate
452 760 695 809 dubitantes,
725 760 818 812 quia
849 758 1037 797 videlicet
1067 759 1134 811 qui
1167 758 1204 797 in
1237 758 1375 797 orbem
1404 768 1596 797 terrarum

226 820 411 858 mittendi
450 819 582 858 forent
616 818 662 858 ad
699 819 882 856 omnium
917 817 1098 870 gentium
1136 817 1482 866 informationem,
1515 831 1596 856 non

226 878 388 917 auribus
424 889 601 927 tantum,
638 877 699 916 sed
735 877 771 916 δὲ
808 876 936 916 oculis
968 876 1264 928 praedicandam
1295 875 1415 914 fidem
1456 889 1597 928 capere

225 935 438 987 debebant,
456 948 499 976 ut
515 937 623 990 quod
641 935 795 975 firmius
813 934 1051 985 didiciffent,
1073 933 1320 974 constantius
1338 935 1595 974 edocerent.»

319 1027 362 1068 [S.
396 1024 556 1058 Paulinus
587 1024 748 1065 Nolanus,
772 1023 864 1067 Epist.
893 1023 1025 1063 XXXI,
1049 1033 1077 1055 c.
1102 1035 1135 1064 4,
1168 1035 1182 1065 5
1221 1022 1382 1065 (Migne,
1414 1023 1500 1054 Patr.
1525 1022 1600 1063 lat.,

226 1079 318 1120 LXI,
337 1090 365 1112 c.
388 1079 490 1120 327).]

281 1187 294 1205 «
313 1168 474 1209 Interea
486 1179 613 1208 mater
626 1166 879 1220 imperatoris
896 1165 1066 1215 Helena,
1078 1166 1191 1205 cuius
1204 1165 1448 1219 cognomine
1463 1166 1597 1204 vicum

227 1229 408 1282 Drepani
441 1229 626 1281 princeps
665 1227 870 1266 civitatem
906 1225 1056 1264 dicavit
1088 1224 1356 1277 Helenopolim,
1390 1224 1599 1264 admonita

225 1302 296 1341 per
327 1287 526 1326 somnium
559 1287 606 1326 ad
631 1285 888 1342 lerosolymam
911 1284 1156 1337 properavit,
1185 1283 1223 1323 &
1252 1283 1458 1336 quondam
1490 1283 1600 1322 Ieru-

224 1346 338 1399 salem
357 1346 552 1386 desertam
570 1343 668 1384 slcut
686 1358 904 1397 pomorum
921 1342 1208 1382 custodiarium
1225 1343 1447 1392 inveniens,
1466 1344 1599 1395 requi-

213 1398 314 1445 ‘fivit
330 1404 558 1457 sepulcrum
573 1402 732 1444 Christi.
749 1401 892 1458 Quod,
904 1402 998 1441 licet
1015 1401 1265 1451 difficillime,
1283 1412 1416 1440 tamen
1430 1401 1595 1440 invenit.

224 1462 369 1517 Itaque
389 1474 555 1516 repente
586 1461 784 1515 templum
809 1460 905 1500 illud
928 1460 1236 1499 scelestiffimum
1258 1460 1375 1499 deiici
1399 1460 1512 1499 iussit.
1544 1459 1599 1499 Et

229 1522 362 1576 palam
393 1522 500 1562 facto
522 1521 696 1562 Domini
728 1530 1009 1569 monumento,
1040 1530 1315 1572 apparuerunt
1334 1519 1441 1558 circa
1462 1519 1499 1558 id
1523 1518 1598 1557 suf-

225 1580 332 1621 foffae
362 1592 442 1621 tres
473 1594 612 1620 cruces
643 1579 679 1619 ὅ(
701 1578 818 1629 clavi,
850 1577 964 1617 simul
985 1577 1022 1617 &
1045 1577 1183 1617 titulus
1216 1577 1359 1618 litteris
1388 1578 1599 1628 hebraicis,

224 1641 363 1694 graecis
385 1639 595 1692 latinisque
616 1637 884 1690 conscriptus:
919 1655 933 1673 «
961 1635 1068 1677 Iesus
1091 1637 1329 1676 Nazarenus
1351 1651 1420 1676 rex
1441 1634 1600 1676 Iudaeo-

224 1714 326 1739 rum.
354 1716 368 1735 ›>
395 1698 562 1739 Dicitur
583 1708 718 1737 autem
753 1698 848 1750 quia
868 1698 988 1735 etiam
1021 1707 1207 1736 mortuus
1228 1696 1356 1735 crucis
1387 1696 1493 1735 tactu
1521 1695 1601 1734 sur-

225 1759 384 1798 rexerit.
407 1757 475 1798 De
496 1758 575 1797 hoc
597 1756 706 1810 ligno
729 1755 880 1809 Sibylla
900 1755 1001 1795 dixit
1022 1755 1127 1808 apud
1151 1768 1348 1808 paganos:

324 1835 338 1854 «
367 1818 409 1859 O
433 1828 492 1857 ter
515 1817 677 1856 beatum
699 1814 854 1869 lignum
878 1815 916 1853 in
939 1829 1020 1868 quo
1044 1813 1160 1855 Deus
1181 1812 1363 1853 extensus
1380 1813 1458 1853 est!
1486 1830 1500 1848 »

280 1894 295 1913 «
312 1877 428 1916 Tum
442 1890 538 1930 ergo
553 1890 644 1929 quae
659 1888 757 1914 crux
771 1873 867 1913 esset
882 1873 1068 1923 Domini,
1080 1888 1170 1927 quae
1185 1872 1402 1923 latronum,
1417 1872 1600 1912 dubitare

224 1947 449 1989 coeperunt.
476 1934 649 1975 Proinde
665 1933 886 1983 Macarius,
903 1933 1076 1972 civitatis
1089 1931 1241 1985 praesul,
1255 1930 1483 1970 huiusmodi
1497 1942 1601 1971 trac-

225 2006 308 2035 tatu
342 1994 637 2034 dubitationem
670 1992 797 2032 solvit.
827 1991 995 2031 Mulieri
1025 2005 1201 2045 namque
1230 1990 1442 2030 nobilitate
1471 1990 1602 2041 clarae,

225 2054 344 2108 longa
356 2053 595 2107 aegritudine
611 2052 798 2105 fatigatae,
811 2065 933 2090 unam
946 2050 1103 2089 illarum
1115 2050 1297 2089 crucium
1308 2063 1402 2088 cum
1417 2050 1600 2089 oratione

226 2113 519 2167 promptiffima
531 2111 739 2161 adhibens,
750 2111 853 2149 virtu
861 2121 941 2149 tem
954 2109 1170 2149 Salvatoris
1182 2109 1357 2162 agnovit.
1372 2107 1479 2148 Mox
1492 2109 1599 2147 enim

224 2184 268 2212 ut
281 2171 492 2211 mulierem
510 2185 609 2210 crux
627 2170 770 2223 attigit,
786 2169 1003 2222 passionem
1016 2168 1226 2207 saeviffimae
1237 2166 1486 2220 aegritudinis
1503 2167 1601 2206 effii-

223 2232 345 2286 gavit,
366 2231 404 2271 &
424 2231 604 2271 foeminae
636 2228 799 2268 salutem
821 2227 1002 2267 restituit.
1029 2227 1093 2267 Sic
1115 2227 1250 2280 itaque
1281 2238 1407 2265 mater
1427 2226 1601 2278 impera-

225 2291 335 2341 toris,
369 2289 480 2343 quod
512 2288 703 2342 cupiebat
739 2286 980 2341 agnoscens,
1015 2287 1064 2326 de
1098 2285 1221 2326 clavis
1256 2286 1420 2338 quidem
1456 2285 1601 2338 quibus

224 2364 367 2389 manus
385 2348 535 2389 Christi
558 2349 714 2386 fuerant
736 2347 963 2400 perforatae,
984 2345 1084 2385 alios
1107 2346 1144 2384 in
1166 2343 1322 2398 galeam
1344 2342 1506 2383 immifit
1526 2345 1601 2383 im-

225 2408 432 2462 peratoris,
462 2406 531 2460 filij
556 2406 699 2459 capitis
721 2405 1015 2458 providentiam
1047 2418 1204 2458 gerens,
1233 2414 1276 2442 ut
1306 2401 1436 2441 iacula
1457 2403 1601 2443 bellica

225 2466 493 2516 submoveret,
524 2464 623 2504 alios
651 2465 765 2503 freno
802 2464 952 2517 equino
976 2462 1218 2516 permiscuit,
1247 2461 1283 2501 δι
1305 2460 1504 2500 cautelam
1526 2462 1602 2501 im-

225 2525 417 2579 peratoris
453 2538 590 2578 agens,
624 2522 662 2563 &
699 2533 876 2562 veterem
912 2522 1168 2575 prophetiam
1202 2519 1440 2573 adimplens.
1483 2520 1600 2562 Olim

224 2584 334 2623 enim
351 2583 571 2623 Zacharias
592 2581 834 2622 clamaverat
861 2581 1073 2634 propheta,
1093 2580 1231 2619 dicens
1263 2580 1365 2629 (XIV,
1391 2579 1475 2629 20):
1510 2596 1525 2615 «
1547 2579 1600 2619 Et

228 2660 242 2678 «
261 2642 333 2681 erit
350 2641 459 2694 quod
478 2642 517 2681 in
537 2641 651 2680 freno
668 2639 723 2680 est
739 2640 917 2679 sanctum
935 2639 1122 2679 Domino
1144 2637 1461 2690 omnipotenti.»
1486 2637 1599 2677 Salu-

228 2701 322 2741 taris
342 2713 438 2739 vero
459 2701 589 2740 crucis
611 2709 766 2752 partem
788 2699 953 2752 quidem
975 2697 1152 2751 aliquam
1172 2695 1372 2750 regalibus
1393 2695 1599 2736 distribuit.

281 2777 296 2795 «
325 2759 466 2813 Quam
496 2758 789 2800 Constantinus
822 2757 1050 2810 suscipiens,
1078 2756 1117 2795 &
1137 2756 1306 2795 credens
1340 2752 1478 2793 salvari
1500 2756 1598 2794 civi-

391 2824 418 2857 P
1391 2821 1410 2854 6
