2131 3552
839 239 896 291 50
1543 242 1564 294 5

293 381 366 425 (Cf.
383 381 609 424 Philostratus,
623 384 661 415 In
675 381 883 426 Apollonium,
900 383 918 416 Ι.
932 384 993 425 VI,
1008 396 1035 416 c.
1055 395 1109 427 35,
1125 383 1178 417 ed.
1190 385 1437 427 Westermann,
1458 385 1571 427 Paris„

204 438 302 476 1849,
322 446 354 479 p.
383 447 457 476 140.
479 435 510 468 δι
528 434 651 468 Itinera
670 436 800 476 Graeca,
819 435 862 479 I.)

46 535 82 564 c.
111 529 182 581 50.
203 511 560 590 Pomponius
592 510 758 568 Mela.
780 525 847 569 (ij)

257 620 272 639 «
293 603 404 656 Syria
424 603 495 642 late
515 602 625 642 litora
649 612 740 642 tenet
766 605 960 662 terrasque
988 604 1096 643 etiam
1122 603 1232 643 latius
1262 604 1460 659 introrsus,
1491 605 1572 645 aliis

200 662 350 718 aliisque
369 670 583 715 nuncupata
603 663 813 703 nominibus.
843 663 951 702 Nam
973 664 1016 702 &⁵
1039 662 1158 703 Coele
1178 663 1326 713 dicitur,
1357 664 1401 702 {3⁹
1433 662 1572 703 Meso-

199 727 389 780 potamia,
424 727 468 765 &
503 725 768 778 Damascene,
802 729 846 767 ἔθ’
885 728 1116 778 Adiabene,
1157 728 1201 767 ξεῖ
1244 727 1487 781 Babylonia,
1528 729 1572 768 ἔθ’

196 789 351 842 Iudaea,
386 792 430 830 {5⁹
460 790 717 844 Colophone.
739 792 819 833 Hic
840 791 1046 833 Palaestine
1072 794 1133 844 est,
1154 807 1228 845 qua
1259 793 1381 845 tangit
1409 792 1571 845 Arabas,

196 866 271 896 tum
308 855 515 906 Phoenice,
545 856 589 895 ὅ
619 857 682 895 ubi
704 858 750 915 se
785 858 943 899 Ciliciae
972 857 1168 908 committit,
1203 857 1438 897 Antiochia.
1469 856 1572 897 Olim

197 937 241 962 ac
282 921 345 960 diu
379 930 516 974 potens,
551 921 627 978 sed
658 937 738 962 cum
780 939 859 963 eam
907 937 1017 976 regno
1063 922 1274 962 Semiramis
1319 923 1435 962 tenuit
1474 923 1573 977 longe

192 986 443 1041 potentiſjima.
497 987 684 1040 Operibus
715 979 810 1028 certe
855 989 930 1028 eius
970 988 1008 1027 in
1003 987 1132 1043 signia
1173 987 1292 1028 multa
1335 988 1436 1043 sunt.
1482 988 1575 1027 Duo

196 1051 353 1091 maxime
373 1051 561 1102 excellunt,
581 1053 771 1099 constituta
793 1055 882 1093 urbs
901 1053 1008 1093 mirae
1027 1053 1288 1106 magnitudinis
1309 1052 1509 1106 Babylon,
1530 1068 1574 1093 ac

187 1116 295 1172 siccis
315 1116 394 1156 olim
421 1116 624 1169 regionibus
655 1116 882 1171 Euphrates
910 1119 953 1158 {3⁵
979 1118 1119 1172 Tigris
1153 1118 1307 1174 immzffi.
1338 1118 1509 1157 Ceterum
1535 1117 1573 1155 in

197 1181 404 1222 Palaestina
419 1183 469 1234 est
490 1182 613 1235 ingens
638 1183 682 1222 Εἴ
706 1184 851 1223 munita
875 1184 1069 1224 admodum
1093 1182 1213 1225 Gaza
1236 1183 1299 1239 (fic
1318 1182 1447 1239 Persae
1468 1195 1573 1222 aera-

195 1248 295 1287 rium
312 1253 476 1298 vocant),
493 1248 536 1286 {3⁵
551 1248 632 1287 inde
647 1263 771 1288 nomen
788 1250 848 1303 est,
864 1250 962 1301 quod
973 1264 1053 1288 cum
1070 1249 1264 1307 Cambyses
1280 1248 1398 1289 armis
1413 1246 1572 1300 AEgyp-

196 1322 282 1351 tum
296 1322 446 1366 peteret,
461 1315 530 1354 huc
552 1315 634 1354 belli
653 1316 697 1354 Εἴ
714 1325 790 1369 opes
810 1317 853 1355 ὅ
869 1314 1063 1368 pecuniam
1078 1313 1270 1353 intulerat.
1286 1313 1355 1366 Est
1366 1327 1434 1351 non
1451 1313 1571 1352 minor

195 1376 384 1418 Ascalon.
412 1379 480 1433 Es}
501 1377 601 1433 Iope
626 1390 708 1419 ante
730 1380 916 1420 diluvium
934 1380 991 1431 (ut
993 1378 1149 1432 serunt)
1167 1379 1323 1429 condita,
1345 1379 1408 1417 ubi
1427 1377 1572 1431 Cephea

194 1443 367 1498 regnaffe
388 1459 423 1484 eo
439 1444 547 1500 signo
568 1445 697 1485 accolae
724 1444 943 1500 adfirmant,
971 1444 1068 1497 quod
1092 1443 1235 1483 titulum
1264 1443 1336 1482 eius
1349 1442 1574 1498 fratrisque

198 1506 332 1546 Phinei
365 1517 505 1548 veteres
543 1509 714 1561 quaedam
751 1524 834 1548 arae
866 1524 947 1547 cum
988 1508 1159 1560 religione
1184 1508 1357 1561 plurima
1390 1507 1547 1547 retinent
1563 1523 1576 1545 .-

196 1573 282 1624 quin
299 1574 406 1612 etiam
423 1574 478 1613 rei
492 1574 684 1614 celebratae
699 1573 926 1613 carminibus
942 1589 984 1613 ac
992 1573 1158 1627 fabulis,
1167 1572 1416 1628 servataeque
1437 1587 1460 1612 a
1475 1571 1575 1611 Per-

185 1637 252 1694 seo
271 1638 514 1678 Andromedae
534 1639 680 1679 clarum
700 1639 902 1693 vssigium,
931 1638 1093 1678 marinae
1124 1637 1256 1677 belluae
1283 1637 1364 1692 oſj'a
1391 1636 1573 1676 immania

197 1703 385 1758 ostentant.

252 1786 268 1806 ⁴<
292 1767 512 1809 Phoenicen
522 1768 775 1821 inlustravere
788 1767 992 1818 Phoenices,
993 1765 1133 1822 sollers
1146 1767 1327 1807 hominum
1333 1766 1514 1819 genus,&
1525 1765 1578 1805 ad

197 1833 283 1874 belli
286 1834 462 1889 pacisque
478 1834 606 1873 munia
621 1834 803 1873 eximium.
820 1833 972 1873 Literas
988 1835 1032 1873 δέ
1045 1833 1245 1872 literarum
1261 1841 1389 1885 operas
1409 1830 1576 1887 aliasque

196 1900 303 1939 etiam
333 1908 445 1949 artes,
473 1899 600 1938 maria
630 1899 794 1939 navibus
825 1899 947 1949 adire,
974 1897 1088 1951 claſje
1121 1897 1326 1951 confligere,
1358 1895 1576 1949 imperitare

189 1964 369 2017 gentibus,
385 1978 539 2016 regnum
551 1963 798 2017 praeliumque
810 1963 1006 2002 commenti.
1023 1963 1070 2002 In
1086 1978 1129 2002 ea
1144 1963 1191 2016 est
1202 1961 1359 2015 Tyros,
1375 1960 1577 2013 aliquando

193 2029 333 2087 insula,
352 2043 447 2067 nunc
467 2029 613 2068 adnexa
642 2029 753 2068 terris
780 2028 908 2082 deficit,
939 2028 1035 2080 quod
1061 2028 1108 2067 ab
1137 2027 1364 2081 inpugnante
1394 2026 1576 2078 quondam

194 2093 405 2134 Alexandro
434 2094 535 2134 iaffta
561 2105 672 2148 opera
700 2094 776 2134 vici
807 2102 936 2133 tenent.
983 2092 1151 2132 Ulterior
1181 2092 1225 2130 &⁹
1260 2090 1379 2131 adhuc
1408 2092 1577 2145 opulenta

195 2158 332 2209 Sidon,
341 2168 571 2211 antequama
582 2159 704 2212 Persis
712 2168 909 2212 caperetur
925 2158 1212 2198 maritimarum
1225 2156 1375 2196 urbium
1393 2157 1571 2198 maxima.

194 2223 248 2263 Ab
269 2240 311 2263 ea
333 2225 388 2263 ad
397 2225 702 2277 promunturium
719 2223 990 2277 Euprosopon
1008 2223 1077 2262 duo
1086 2222 1184 2279 sunt
1198 2221 1346 2276 oppida,
1362 2220 1516 2274 Byblos
1532 2225 1576 2264 &⁷

195 2288 354 2342 Botrys.
378 2288 494 2329 Ultra
508 2289 585 2328 tria
588 2289 769 2342 fuerunt,
776 2287 937 2341 fingulis
948 2287 1044 2326 inter
1052 2286 1099 2341 se
1113 2286 1247 2338 stadiis
1267 2285 1469 2340 distantia:
1482 2286 1576 2325 locus

193 2369 236 2393 ex
253 2369 405 2394 numero
423 2352 610 2406 Tripolis
628 2352 774 2392 dicitur.
802 2351 898 2392 Tum
932 2352 1086 2404 Simyra
1105 2351 1309 2403 castellum,
1332 2351 1376 2390 Εἴ
1397 2351 1486 2389 urbs
1506 2366 1573 2389 non

195 2419 350 2476 obscura
373 2418 597 2458 Marathos.
629 2417 720 2457 Inde
754 2418 830 2457 iam
863 2433 930 2456 non
965 2417 1111 2470 obliqua
1136 2416 1283 2469 pelago,
1311 2415 1378 2468 sed
1402 2415 1574 2471 adversa

195 2485 367 2524 adiacens
404 2483 511 2539 Asta,
539 2483 725 2536 grandem
750 2482 878 2537 finum
914 2482 1043 2537 inflexo
1091 2487 1220 2521 trabtu
1270 2480 1387 2520 litoris
1431 2480 1574 2533 accipit.

196 2549 330 2603 Populi
349 2549 436 2589 dites
455 2548 730 2603 circumstdent;
739 2547 835 2603 sttus
855 2548 966 2602 ffsit
979 2563 991 2586 :
1012 2547 1101 2599 quia
1130 2546 1229 2598 regio
1251 2545 1414 2599 fertilis,
1435 2546 1576 2585 crebris

196 2614 240 2653 &⁵
273 2613 553 2666 navigabilibus
588 2613 707 2652 alveis
725 2612 932 2667 fluminum
957 2610 1114 2666 pervia,
1147 2608 1323 2666 diversas
1352 2619 1430 2664 opes
1457 2610 1575 2649 maris

195 2688 302 2731 atque
321 2687 518 2718 terrarum
526 2677 645 2732 facili
663 2677 871 2717 commercio
885 2685 1078 2731 permutat
1097 2691 1141 2715 ac
1164 2675 1299 2731 miscet.
1321 2674 1369 2714 In
1386 2689 1422 2713 eo
1443 2674 1575 2728 prima

191 2745 241 2798 est
258 2744 403 2797 reliqua
424 2753 519 2798 pars
549 2742 682 2796 Syriae,
702 2743 761 2783 cui
792 2741 1025 2782 Antiochiae
1046 2756 1234 2794 cognomen
1264 2739 1433 2790 additur,
1462 2740 1506 2778 δ’
1535 2739 1575 2778 in
