2131 3552
772 249 908 310 (373)
1169 263 1173 268 ’
1461 250 1521 313 69

285 401 393 442 Nam
415 401 544 441 crucis
564 415 585 440 e
607 400 716 453 ligno
738 414 928 453 magnum
953 401 1082 442 brevis
1105 402 1226 442 astula
1249 403 1406 456 pignus,

336 459 530 512 Totaque
552 459 590 498 in
611 459 757 511 exiguo
780 458 954 511 segmine
977 461 1032 499 vis
1054 461 1186 500 crucis
1208 460 1274 500 est.

286 520 378 559 Hoc
401 517 556 558 Melani
580 516 720 556 sanetae
740 516 918 556 delatum
945 532 1110 557 munere
1133 518 1299 569 Nolam,

336 577 547 616 Summum
568 574 836 631 Hierosolrmae
856 577 965 616 venit
985 577 1034 615 ab
1056 577 1151 616 urbe
1174 577 1342 629 bonum,

285 635 427 676 saneta
448 633 543 674 Deo
563 634 771 686 geminum
793 634 927 674 velant
947 634 1085 674 altaria
1105 635 1316 687 honorem,

337 694 445 734 Cum
466 706 584 732 cruce
605 692 846 745 apostolicos
867 709 957 747 quae
977 694 1127 734 sociant
1147 695 1316 735 cineres.

285 752 424 808 Quam
447 752 547 791 bene
570 752 789 805 iunguntur
811 751 920 806 ligno
942 753 1070 792 crucis
1092 751 1174 792 ossa
1195 754 1367 806 piorum.

337 810 414 850 Pro
436 825 556 850 cruce
578 821 620 850 ut
642 808 781 850 occifis
803 811 840 850 in
863 825 981 851 cruce
1004 810 1049 851 sit
1070 813 1243 865 requies.
1275 830 1288 848 »

255 914 300 954 [S.
320 911 476 944 Paulinus
490 911 579 953 Nos,
598 911 731 955 Epistola
749 914 897 953 XXXII,
925 915 972 945 ad
989 915 1150 946 Severum
1169 913 1322 958 (Migne‚
1349 916 1440 949 Patr.
1457 915 1530 958 lat„

160 966 252 1003 LXI,
273 976 302 998 c.
329 965 430 1008 336);
458 964 498 997 cf.
519 965 651 1009 Eptstola
669 966 837 1006 XLV‚ad
856 966 1062 1010 Augustinum
1082 966 1192 1010 (ibid.‚
1210 979 1237 1001 c.
1261 968 1367 1011 391).]

215 1084 230 1104 α
258 1066 443 1108 Melania
470 1081 564 1107 vero
598 1078 782 1107 matrona
802 1068 949 1108 nobilis
970 1069 1008 1109 &
1039 1069 1171 1108 incola
1207 1070 1313 1110 urbis
1335 1069 1533 1110 Romanae

159 1124 459 1183 Hierosolymam
507 1126 559 1164 ob
599 1127 859 1166 devotionem
903 1127 1018 1178 abiit,
1066 1128 1236 1167 Urbano
1283 1127 1367 1168 filio
1401 1127 1534 1168 Romae

161 1183 314 1224 reliE'to.
339 1183 448 1240 Quae
471 1185 523 1224 ita
543 1184 581 1224 &
603 1185 641 1224 in
670 1185 816 1224 cun&a
840 1186 1020 1226 bonitate
1041 1200 1086 1226 ac
1115 1186 1322 1227 sanetitate
1344 1187 1533 1227 omnibus

161 1243 342 1296 praebuit,
363 1254 406 1283 ut
425 1243 587 1283 Thecla
607 1254 820 1284 vocaretur
840 1245 888 1284 ab
910 1246 1111 1286 omnibus.
1138 1262 1153 1281 »

254 1338 452 1383 [Gregorius
468 1339 681 1382 Turonenfis‚
698 1340 773 1384 Hist.
789 1341 921 1382 Pruna,
940 1340 960 1374 l.
980 1342 1001 1382 Ι,
1021 1352 1048 1374 c.
1063 1344 1102 1382 36
1114 1341 1182 1383 (ed.
1194 1341 1343 1384 Bordkr,
1356 1343 1382 1383 Ι,
1397 1354 1427 1387 p.
1446 1342 1530 1386 37).]

217 1459 232 1478 «
259 1441 404 1482 Sancff'ta
423 1456 588 1495 quoque
610 1441 794 1482 Melania
816 1444 890 1483 fuit
912 1444 1058 1484 mulier
1079 1445 1217 1484 urbica
1260 1476 1531 1485 .....

160 1557 253 1598 Post
285 1559 371 1598 haec
414 1573 508 1598 cum
540 1558 784 1599 Alexandriae
824 1561 1033 1613 praefedtus
1064 1561 1295 1616 Augustalis
1326 1560 1535 1611 Ifidorum,

163 1615 457 1670 paphnucium,
489 1617 642 1657 Pambo
671 1617 708 1658 δε
727 1619 1009 1670 Ammonium,
1031 1620 1069 1660 ὅτ
1090 1622 1307 1661 duodecim
1324 1620 1534 1674 episcopos

162 1675 199 1715 &
214 1675 477 1729 presbyteros,
499 1676 536 1716 &
557 1676 655 1716 alios
675 1677 866 1730 quosdam
884 1678 1006 1732 usque
1022 1680 1070 1718 ad
1086 1690 1250 1719 centum
1264 1679 1300 1719 &
1318 1679 1535 1719 duodecim

161 1749 333 1774 numero
364 1735 470 1774 circa
501 1735 744 1786 Palaestinam
775 1735 813 1776 δε
842 1736 1130 1793 Diocaesaream
1154 1736 1373 1778 damnasset
1399 1737 1536 1789 exilio,

161 1794 247 1833 haec
264 1793 353 1833 illos
369 1793 513 1844 secuta,
541 1794 807 1833 ministerium
825 1795 936 1834 suum
949 1796 1005 1837 eis
1022 1812 1071 1836 ex
1089 1798 1262 1850 propriis
1280 1797 1534 1837 facultatibus

163 1853 325 1901 tribuit3
359 1852 396 1892 δι
416 1867 509 1892 cum
539 1867 561 1892 a
594 1853 824 1893 custodibus
860 1854 1142 1907 prohiberetur
1174 1856 1253 1895 hoc
1275 1856 1419 1906 facere,
1440 1866 1536 1896 tunc

163 1910 242 1962 illa,
262 1911 367 1950 veste
385 1911 526 1964 puerili
546 1911 714 1965 sumpta,
735 1913 843 1952 circa
858 1914 1097 1967 vespertinas
1116 1915 1233 1955 horas
1256 1915 1458 1954 deserebat
1479 1915 1536 1955 eis

162 1971 300 2010 omnia
332 1973 424 2010 vitae
457 1969 682 2010 neceffaria.
725 1970 827 2026 Quo
849 1974 1029 2025 cognito,
1068 1973 1283 2029 Palaeslinae
1319 1972 1535 2013 consularis

161 2040 306 2083 putans
328 2030 436 2083 quod
461 2040 610 2069 terrore
637 2030 815 2083 quodam
836 2046 884 2070 ex
906 2032 990 2072 eius
1014 2034 1185 2085 pecunia
1211 2032 1314 2073 finus
1337 2033 1425 2072 suos
1459 2033 1535 2071 im-

162 2088 270 2142 plere
288 2086 427 2141 poffet,
448 2089 547 2127 iuffit
564 2103 652 2128 eam
669 2090 817 2142 corripi
835 2089 873 2129 &
890 2091 928 2129 in
947 2104 1150 2130 carcerem
1169 2091 1288 2131 trudi.
1312 2091 1422 2145 Quae
1440 2101 1535 2131 tunc

161 2149 196 2188 ei
219 2162 290 2201 per
312 2148 588 2187 internuncios
611 2147 662 2187 fic
684 2151 890 2189 mandavit
932 2179 1535 2191 ..........

164 2207 329 2264 Quibus
372 2207 419 2246 ab
447 2206 569 2246 exilio
598 2208 809 2259 revocatis,
839 2209 1127 2249 monasterium
1159 2225 1286 2262 prope
1317 2210 1537 2267 Hierosoly-

160 2282 259 2307 mam
281 2264 348 2306 fibi
367 2266 474 2317 fecit,
496 2267 535 2305 in
559 2281 640 2319 quo
660 2267 766 2321 xxvij
791 2282 990 2308 annorum
1013 2279 1171 2322 tempus
1193 2269 1390 2322 implevit,
1417 2269 1536 2322 quin-

161 2326 353 2379 quaginta
385 2324 537 2365 sorores
572 2325 747 2378 virgines
781 2327 913 2366 secum
948 2328 1109 2367 habens.
1146 2327 1245 2367 Erat
1284 2328 1405 2367 etiam
1443 2341 1537 2367 cum

161 2399 208 2424 ea
226 2383 413 2434 Rufinus,
447 2384 546 2423 civis
572 2382 752 2435 Italicus,
785 2400 834 2425 ex
865 2387 1018 2439 oppido
1049 2387 1246 2439 Aquileiae,
1276 2387 1336 2426 vir
1371 2385 1537 2439 sapiens,

160 2443 361 2483 nobilium
378 2444 626 2496 fortiumque
648 2457 821 2495 morum,
842 2446 908 2498 qui
932 2445 969 2485 δι
991 2446 1038 2485 ad
1063 2445 1383 2499 presbyteratum
1403 2445 1539 2498 postea

163 2502 308 2541 meruit
330 2502 550 2554 pervenire.
572 2499 700 2554 Igitur
714 2503 754 2541 in
773 2504 880 2556 xxvij
898 2504 1012 2544 annis
1034 2518 1176 2543 omnes
1197 2504 1301 2557 apud
1319 2504 1538 2561 Hierosoly-

162 2576 261 2600 mam
292 2560 446 2600 sancstos
477 2560 514 2600 ἃ
542 2561 776 2613 peregrinos
809 2562 1032 2615 episcopos,
1063 2563 1285 2602 monachos
1307 2563 1343 2603 δι
1365 2563 1538 2615 virgines

163 2620 256 2667 (hoc
270 2620 380 2660 enim
393 2619 488 2658 Deo
502 2620 707 2671 voverant)
723 2619 916 2673 suscipere
929 2622 1099 2674 propriis
1113 2621 1335 2674 sumptibus
1349 2636 1395 2660 ac
1407 2621 1540 2660 fovere

162 2678 470 2719 consueverunt.
499 2677 574 2717 Sed
597 2677 635 2717 &
656 2692 751 2717 cccc
773 2680 1010 2733 monachos,
1032 2681 1099 2733 qui
1123 2680 1159 2719 se
1180 2691 1347 2733 propter
1370 2679 1539 2719 Paulum

162 2737 210 2778 ab
236 2735 403 2777 ecclefia
438 2736 680 2790 separabant,
714 2737 845 2779 rursus
880 2737 1057 2779 ecclefiae
1092 2739 1236 2779 sanetae
1265 2738 1542 2787 reddiderunt,
