2131 3552
780 236 945 330 (⁷9)-„
1505 251 1534 300 9

155 389 276 442 fama
297 388 388 427 nihil
408 388 445 427 in
476 404 511 427 eo
529 388 655 440 mergi.
678 387 920 440 Longitudine
940 388 1104 427 excedite
1129 404 1175 427 m.
1197 388 1387 441 pastuum,
1407 390 1536 430 latitu-

166 454 246 492 dine
267 454 431 492 maxima
457 453 551 492 erv
576 452 700 504 inplet,
726 452 878 491 minima
912 453 977 504 vj‚·
1004 450 1182 507 prospicit
1213 469 1293 492 eum
1327 455 1374 492 ab
1406 455 1537 495 oriente

169 517 318 556 Arabia
340 517 591 567 Nomadum,
608 533 631 556 a
651 517 800 556 meridie
820 516 1063 567 Machaerus,
1073 517 1244 572 fl’cunda
1261 519 1441 570 quondam
1464 535 1538 558 arx

169 581 310 621 Judaeae
326 582 373 620 ab
388 581 652 636 Hierosolymis
659 601 673 627 ;
693 582 810 620 eodem
825 581 941 621 latere
957 584 1007 628 esi
1020 583 1161 623 calidus
1162 584 1255 637 fons
1269 583 1538 638 medicae-salu-
1565 621 1569 625 ,

168 647 311 685 britatis
332 645 573 696 Callirrhoe,
594 661 782 698 aquarum
797 647 960 699 gloriam
979 648 1056 702 ipso
1076 649 1213 688 nomine
1231 649 1452 702 praeferens.

224 721 279 763 17.
311 709 363 748 Ab
397 709 567 748 occidente
596 709 706 749 litora
733 708 864 749 Esseni
890 711 1047 764 fugiunt
1074 712 1260 765 usquequa
1293 721 1427 762 nocent,
1451 728 1540 765 gens

157 774 259 832 sola,
276 777 320 814 ξδ’
339 775 376 813 in
397 783 462 812 toto
490 775 573 813 orbe
590 783 733 827 praeter
759 783 896 814 ceteras
915 776 1029 825 mira,
1045 776 1128 829 stne
1157 776 1237 816 ulla
1254 776 1419 830 femina,
1445 777 1541 815 omni

166 855 300 880 venere
321 839 507 889 abdicata,
519 837 602 893 stne
618 839 898 896 pecunia,socia
919 840 1152 892 palmarum.
1186 842 1230 880 In
1258 842 1349 880 diem
1376 858 1418 880 ex
1439 856 1540 892 aequo

166 920 415 944 convenarum
450 904 563 943 turba
597 903 807 959 renascitur
844 904 950 957 large
970 905 1315 958 frequentantibus,
1346 921 1428 958 quos
1457 906 1538 945 vita

154 969 275 1025 feffis
295 970 348 1008 ad
364 984 478 1008 mores
498 984 620 1007 eorum
640 969 1002 1023 jortunaeflufflibus
1023 971 1122 1023 agit;
1154 971 1208 1010 ita
1238 981 1307 1024 per
1327 971 1540 1026 seculorum

165 1035 269 1075 milia
300 1033 522 1084 (incredibile
547 1033 655 1084 dictu)
681 1049 770 1086 gens
794 1043 937 1073 aeterna
969 1036 1028 1087 est,
1048 1036 1085 1075 in
1115 1051 1189 1087 qua
1217 1051 1316 1075 nemo
1344 1034 1515 1091 nascitur
1525 1057 1540 1081 ;

167 1110 241 1140 tam
250 1099 422 1153 fecunda
440 1098 511 1137 illis
536 1098 695 1137 aliorum
716 1100 806 1138 vitae
823 1100 1036 1152 paenitentia
1066 1103 1124 1152 est.
1149 1100 1267 1155 Infra
1295 1101 1352 1140 hos
1374 1100 1541 1154 Engada

167 1165 334 1219 oppidum
343 1161 655 1218 fuit,secundum
670 1164 716 1202 ab
733 1162 1002 1219 Hierosolymis
1004 1165 1213 1217 fertilitate
1227 1166 1542 1219 palmetorumque

167 1230 381 1279 nemoribus,
402 1244 497 1267 nunc
523 1228 684 1267 alterum
707 1230 860 1274 bustum.
886 1228 976 1269 Inde
997 1229 1167 1269 Masada
1189 1231 1376 1285 castellum
1391 1230 1428 1269 in
1450 1240 1542 1283 rupe

167 1296 212 1334 Εἴ
230 1294 347 1350 ipsum
365 1293 458 1332 haut
471 1293 608 1346 procul
619 1289 833 1348 Asphaltite.
853 1293 905 1333 Et
922 1293 1095 1334 haetenus
1118 1294 1251 1333 Iudaea
1272 1296 1331 1349 est.

225 1357 268 1398 18
291 1358 382 1409 (16).
416 1357 591 1410 Iungitur
611 1358 642 1396 ei
661 1357 775 1397 latere
805 1357 921 1410 Syriae
950 1356 1248 1410 Decapolitana
1268 1360 1365 1412 regio
1394 1376 1543 1400 numero

167 1423 394 1477 oppidorum,
413 1423 449 1461 in
471 1437 538 1474 quo
569 1438 637 1461 non
667 1438 782 1462 omnes
810 1423 932 1462 eadem
953 1423 1166 1479 observant,
1185 1424 1392 1476 plurimum
1421 1435 1541 1465 tamen

168 1486 414 1526 Damascum
443 1497 538 1541 epoto
561 1488 677 1540 riguis
689 1503 796 1527 amne
825 1486 1108 1540 Chrysorrhoa
1120 1488 1307 1541 fertilem,
1340 1488 1542 1530 Philadel-

168 1552 317 1605 phiam,
334 1552 586 1605 Raphanam,
607 1553 728 1592 omnia
748 1552 785 1591 in
804 1552 996 1592 Arabiam
1012 1553 1227 1603 recedentia,
1248 1553 1543 1607 Scythopolim,

168 1627 277 1657 antea
297 1617 463 1671 Nysam,
485 1634 508 1657 a
524 1617 660 1657 Libero
680 1617 799 1657 Patre
806 1617 962 1674 sepulta
982 1618 1125 1657 nutrice
1145 1618 1198 1657 ibi
1223 1618 1356 1672 Scythis
1375 1620 1543 1671 deductis,

169 1682 345 1733 Gadara,
367 1683 604 1722 Hieromice
628 1684 861 1737 praefluente,
882 1683 926 1722 ἔθ’
945 1683 1022 1722 iam
1048 1683 1184 1722 dietum
1206 1683 1390 1736 Hippon,
1414 1684 1544 1736 Dion,

168 1747 320 1788 Pellam
351 1749 456 1801 aquis
475 1748 639 1798 divitem,
662 1747 866 1798 Galasam,
899 1748 1140 1788 Canatham.
1177 1748 1441 1807 Intercursant
1466 1751 1542 1790 cin-

161 1823 324 1867 guntque
343 1813 409 1852 has
431 1815 537 1853 urbes
555 1813 783 1863 tetrarchiae,
811 1828 1009 1866 regnorum
1031 1813 1151 1866 instar
1166 1812 1344 1868 singulae,
1362 1816 1406 1855 {5⁹
1426 1831 1543 1868 regna

166 1879 462 1928 contribuuntur,
481 1877 762 1927 Trachonitis,
784 1876 938 1928 Panias,
955 1878 991 1916 in
1013 1893 1087 1930 qua
1109 1878 1299 1918 Caesaraea
1319 1895 1400 1918 cum
1410 1878 1543 1935 supra

166 1943 384 1997 dietofonte,
405 1941 583 1993 Ambila,
605 1943 727 1992 Arca,
750 1940 1024 1994 Ampeloeffa,
1048 1942 1181 1983 Gabe.

223 2021 268 2060 19
285 2013 378 2060 (17).
394 2007 499 2046 Hinc
513 2007 739 2047 redeundum
754 2008 804 2059 esi
819 2007 874 2045 ad
885 2022 990 2046 oram
1008 2016 1115 2060 atque
1129 2006 1363 2047 Phoenicen.
1381 2007 1469 2047 Fuit
1480 2019 1542 2062 op-

161 2073 291 2128 pidum
307 2072 573 2122 Crocodilon,
589 2072 804 2125 eststumem
818 2072 994 2111 memoria
1007 2072 1156 2110 urbium
1172 2071 1352 2122 Dorum,
1364 2072 1542 2125 Sycami-

166 2151 278 2187 num,
283 2137 586 2190 promunturium
599 2135 838 2176 Carmelum
851 2136 895 2174 ἔθ’
905 2136 942 2174 in
951 2145 1065 2175 monte
1076 2136 1247 2189 oppidum
1261 2137 1376 2175 eodem
1391 2137 1543 2186 nomine,

166 2202 347 2254 quondam
368 2200 579 2240 Acbatana
602 2201 746 2239 dietum.
778 2200 891 2239 quta
920 2200 1060 2251 Getta,
1092 2200 1226 2251 Geba,
1256 2202 1362 2240 rivus
1393 2200 1539 2241 Pacida

168 2265 245 2315 five
260 2264 381 2305 Belus
397 2265 495 2304 vitri
500 2265 648 2318 fertilis
663 2264 824 2304 harenas
836 2274 963 2317 parvo
979 2265 1080 2304 litori
1093 2265 1255 2320 miscens.
1280 2265 1363 2321 Ipse
1379 2281 1394 2304 e
1403 2266 1543 2319 palude

168 2330 377 2371 Cendevia
398 2346 422 2369 a
442 2331 630 2370 radicibus
650 2329 817 2369 Carmeli
831 2330 999 2384 profluit,
1020 2329 1126 2369 iuxta
1147 2329 1284 2369 colonia
1302 2330 1442 2369 Claudi
1457 2329 1542 2369 Cae-

155 2395 266 2453 saris
286 2394 504 2435 Ptolemais
521 2410 602 2447 quae
618 2395 797 2447 quondam
812 2395 945 2443 Acce3
966 2394 1137 2448 oppidum
1150 2393 1540 2447 Ecdippa,promun-

167 2460 307 2500 turium
329 2460 497 2499 Album.
517 2459 668 2513 Tyros,
688 2459 869 2511 quondam
898 2456 1027 2514 insula
1052 2458 1215 2512 praealto
1234 2458 1339 2498 mari
1357 2459 1429 2498 dcc.
1446 2460 1541 2516 pas-

159 2524 264 2580 fibus
284 2523 424 2580 divisa,
444 2540 538 2564 nunc
559 2540 649 2564 vero
669 2523 877 2564 Alexandri
895 2523 1137 2578 oppugnantis
1167 2524 1332 2577 operibus
1353 2524 1543 2573 continens,

169 2589 250 2630 olim
277 2599 394 2642 partu
421 2590 530 2629 clara
557 2589 708 2628 urbibus
731 2589 862 2642 genitis
895 2587 1032 2641 Lepti,
1054 2588 1192 2638 Utica,
1216 2590 1260 2628 &
1279 2588 1346 2627 illa
1377 2588 1543 2627 Romani

168 2654 317 2708 imperii
333 2654 471 2694 aemula
493 2663 756 2706 terrarumque
776 2653 871 2693 orbis
891 2653 1011 2693 avida
1032 2653 1293 2706 Carthagine,
1319 2653 1426 2692 etiam
1450 2652 1540 2693 Ga-

169 2720 285 2759 dibus
302 2728 409 2759 extra
425 2720 544 2759 orbem
561 2719 722 2765 conditis‚·
737 2734 831 2758 nunc
848 2718 959 2758 omnis
971 2718 1043 2758 eius
1058 2718 1227 2758 nobilitas
1243 2717 1419 2770 conchylio
1436 2726 1543 2769 atque

337 2796 363 2829 P
1335 2806 1354 2826 2
