2131 3552
801 255 936 316 (518)
1459 270 1544 318 197

186 401 209 442 s.
236 401 452 452 Theliaus,
488 402 632 443 Christi
664 417 794 457 praeco
825 404 973 456 faetus,
1012 406 1245 446 incessanter
1275 406 1545 458 praedicando,

186 460 382 502 subiec‘tos
403 462 449 500 ad
473 462 623 502 coelum
646 463 765 502 verbo
787 463 824 503 &
846 465 1032 518 exemplo
1057 466 1258 505 incitabat.
1283 481 1298 501 ³>

278 540 507 584 [Anonymus‚
531 539 643 582 Vitas.
670 539 786 580 Teliai,
807 552 834 573 c.
857 555 874 574 2
897 542 984 584 (AA.
1004 544 1054 574 SS.
1077 543 1171 584 Ball„
1191 543 1305 582 Febr„
1327 543 1368 583 ΙΙ,
1387 554 1418 586 p.
1441 541 1543 584 309);

184 592 225 624 cf.
247 592 317 624 Ioh.
338 593 524 637 Capgrave,
544 593 648 626 Nova
664 592 800 636 legenda
819 594 943 638 Angliae
964 596 1099 637 (Lond.‚
1119 598 1217 638 1516,
1237 595 1324 636 in-f.,
1342 594 1364 627 f.
1381 595 1545 637 cclxxxj).]

240 707 254 725 «
282 690 400 731 Obiit
443 701 576 730 autern
616 690 638 730 s.
675 690 809 731 David
850 706 955 732 anno
1000 692 1173 732 Domini
1221 690 1543 746 quingentesimo

185 748 484 802 quadragesimo
516 748 636 799 sexto,
661 750 698 789 δε
726 750 764 788 in
793 749 937 805 Rofina
969 750 1069 789 valle
1099 749 1283 803 sepelitur
1304 749 1341 789 &
1372 749 1546 802 lapidem

184 821 305 860 quem
322 822 343 847 a
360 808 579 860 patriarcha
595 808 961 862 Hierosolymitano
979 810 1017 848 in
1034 809 1098 848 sua
1113 809 1412 848 consecratione
1429 823 1544 848 acce-

184 877 306 919 perat,
327 867 456 906 adhuc
477 867 614 906 vivens
635 865 810 906 ecclefiae
832 867 1099 908 Glastonienfi
1121 867 1332 921 delegavit.
1359 884 1374 903 »

277 945 509 988 [Anonymus,
529 944 644 986 Vitas.
662 945 906 989 Patricij(10h.
929 948 1117 990 Capgrave,
1135 946 1240 979 Nova
1258 946 1394 989 legenda
1412 944 1548 989 Augias,

184 998 308 1039 Lond.,
328 1002 427 1041 1516,
444 998 513 1039 fol„
533 998 556 1032 f.
577 999 758 1044 cclxiiij.).]

239 1113 254 1133 <z
281 1094 474 1137 Ouadam
505 1108 639 1136 autem
668 1097 802 1147 noEte,
832 1098 1015 1150 apparuit
1041 1098 1075 1137 ei
1103 1097 1267 1151 angelus
1292 1097 1465 1137 Domini
1488 1099 1549 1136 di-

183 1168 301 1194 cens:
327 1171 342 1190 z<
368 1154 548 1195 Crastina
569 1154 632 1194 die
654 1157 906 1209 percingens,
927 1156 1054 1195 calcia
1074 1167 1134 1195 te:
1156 1156 1404 1212 Hierusalem
1426 1156 1548 1209 usque

186 1231 201 1250 e
227 1226 389 1278 peregre
413 1211 682 1265 proficiscens,
703 1225 882 1267 optatam
900 1229 1018 1267 carpe
1034 1216 1162 1254 viam:
1185 1214 1246 1254 sed
1269 1215 1307 1254 &
1327 1215 1426 1254 alios
1448 1214 1548 1254 duos

186 1290 200 1309 «
226 1273 395 1312 comites
416 1272 586 1322 vocabO,
606 1272 829 1312 Theliaum
851 1273 1001 1313 icilicet
1021 1273 1058 1313 &
1081 1272 1349 1313 Paternum.»
1382 1273 1549 1313 Sanetus

182 1342 316 1371 autem
338 1331 536 1370 admirans
564 1332 717 1385 imperij
736 1344 1000 1398 *praeceptum,
1031 1333 1154 1372 dixit:
1189 1350 1203 1369 «
1231 1331 1460 1388 Quomodo
1481 1331 1550 1371 fiet

185 1408 198 1426 <
225 1388 328 1428 hoc?
359 1389 469 1429 Nam
490 1404 591 1443 quos
615 1391 814 1442 promittis
836 1392 1020 1442 comites,
1050 1393 1172 1431 trium
1201 1392 1264 1431 vel
1296 1406 1344 1431 eo
1377 1389 1549 1443 amplius

186 1466 201 1485 «
227 1448 381 1487 dierum
395 1447 526 1500 spacio
541 1462 563 1486 a
577 1448 693 1488 nobis
708 1448 956 1501 separantur?
977 1467 992 1486 »
1012 1475 1059 1479 —
1078 1468 1092 1487 «
1111 1450 1238 1505 Ego,
1230 1452 1360 1504 lnquit
1373 1449 1550 1503 angelus,

186 1524 201 1544 «
225 1508 299 1546 hac
320 1505 439 1545 noete
459 1507 505 1546 ad
529 1506 618 1547 illos
639 1507 795 1558 vadam,
816 1509 853 1548 δε
874 1510 952 1549 huc
974 1510 1065 1550 illos
1086 1511 1133 1550 ad
1156 1521 1194 1550 te
1216 1510 1425 1549 adducam.
1448 1525 1463 1545 »
1496 1507 1550 1547 Et

183 1566 333 1605 fabium
362 1566 417 1604 est
446 1566 509 1605 ita.
542 1566 650 1607 Cum
672 1578 805 1606 autem
833 1567 1146 1622 alienigenarum
1176 1569 1331 1621 linguas
1353 1568 1549 1616 audirent,

183 1624 410 1665 intellectus
432 1624 590 1664 illarum
608 1625 686 1664 fine
707 1628 924 1679 interprete
942 1642 962 1666 a
980 1627 1166 1667 Domino
1182 1627 1354 1667 collatus
1372 1626 1436 1666 est.
1458 1627 1546 1678 Ap-

184 1685 314 1736 paruit
335 1695 467 1723 autem
488 1683 651 1737 angelus
670 1684 841 1724 Domini
864 1686 1110 1737 patriarchae,
1138 1686 1298 1726 dicens:
1331 1703 1346 1722 «
1371 1685 1480 1724 Tres
1501 1684 1549 1723 ab

187 1760 202 1779 <c
227 1743 449 1782 occidentis
471 1741 618 1782 finibus
639 1743 711 1782 viri
735 1745 966 1794 adveniunt,
995 1759 1096 1798 quos
1117 1759 1211 1784 cum
1231 1745 1378 1798 gaudio
1401 1744 1438 1784 δε
1458 1742 1548 1782 hos-

187 1820 202 1839 «
227 1801 433 1854 pitalitatis
453 1802 580 1853 gratia
600 1801 825 1855 suscipiens,
846 1804 885 1842 in
907 1803 1116 1856 episcopos
1137 1803 1395 1843 consecrabis.
1422 1820 1437 1839 »
1472 1802 1546 1842 Pa-

184 1861 357 1900 triarcha
383 1873 478 1899 vero
514 1871 592 1900 tres
626 1861 947 1902 honoratiffimas
983 1861 1091 1902 sedes
1127 1864 1297 1915 paravit,
1327 1862 1365 1902 &
1395 1862 1549 1902 san&os

183 1921 356 1973 benigne
376 1919 600 1972 suscipiens,
621 1920 660 1959 in
681 1920 759 1960 illis
781 1920 914 1960 sedere
936 1921 1042 1972 fecit,
1059 1922 1096 1961 ἃ
1115 1921 1250 1961 David
1273 1922 1312 1960 in
1337 1919 1551 1973 archiepis-

183 1994 334 2034 copum
355 1979 539 2032 provexit
559 1978 597 2017 &
618 1980 689 2018 ait:
720 1996 734 2015 «
756 1977 988 2030 Iudeorum,
1008 1981 1152 2033 inquit,
1173 1980 1345 2033 potestas
1370 1981 1408 2019 in
1431 1979 1550 2019 chris-

185 2059 202 2078 «
228 2041 358 2080 tianos
384 2036 598 2087 invalescit,
623 2052 697 2077 nos
718 2050 993 2089 commovent,
1023 2037 1145 2078 fidem
1174 2038 1384 2091 repellunt.
1414 2038 1550 2078 Parate

187 2116 202 2134 «
227 2111 320 2150 ergo
346 2111 418 2136 vos
448 2098 495 2136 ad
523 2097 851 2149 praedicationem
885 2097 1044 2150 singulis
1075 2098 1235 2147 diebus,
1272 2098 1477 2150 procedite
1508 2107 1551 2136 ut

187 2175 202 2194 «
228 2170 366 2196 eorum
387 2155 580 2195 violentia
601 2156 806 2195 confutata
827 2156 1012 2209 quiescat.
1034 2172 1049 2192 »
1075 2155 1300 2195 Praedicant
1320 2157 1455 2209 itaque
1479 2169 1548 2208 per

184 2213 357 2267 fingulos
391 2216 474 2255 dies
504 2215 819 2269 intelligentibus
849 2229 917 2255 eos
947 2216 984 2254 in
1015 2215 1081 2254 sua
1110 2215 1246 2268 lingua
1272 2214 1474 2265 universis,
1506 2213 1551 2254 fit

183 2284 292 2327 grata
313 2274 546 2326 praedicatio
575 2288 726 2324 eorum,
756 2274 889 2326 plures
917 2275 955 2313 in
981 2273 1060 2313 fide
1088 2274 1264 2313 roborati
1288 2274 1548 2313 conveniunt.

185 2332 413 2372 Patriarcha
432 2346 526 2372 vero
557 2332 735 2372 sanetum
757 2333 892 2372 David
922 2344 1094 2386 quatuor
1121 2332 1353 2372 muneribus
1384 2332 1548 2381 ditavit;

184 2391 294 2430 altari
311 2391 460 2431 scilicet
475 2391 720 2442 consecrato,
743 2392 780 2431 in
802 2407 882 2445 quo
902 2391 1173 2431 Dominicum
1189 2391 1447 2430 consecrabat
1462 2404 1551 2429 cor-

186 2465 272 2502 pus,
283 2450 391 2502 quod
404 2451 622 2490 innumeris
636 2450 792 2503 pollens
804 2451 1018 2490 virtutibus
1032 2464 1241 2504 nunquam
1257 2450 1304 2489 ab
1317 2449 1550 2489 hominibus

186 2522 207 2547 a
222 2508 342 2547 saneti
359 2508 495 2548 David
513 2509 625 2548 obitu
642 2509 768 2548 visum
788 2509 855 2560 est,
876 2509 938 2549 sed
957 2509 1096 2562 pelleis
1114 2509 1379 2548 velaminibus
1397 2508 1550 2547 testum

185 2567 281 2607 latet
306 2567 594 2607 absconditum.
625 2566 771 2621 Infigni
799 2569 919 2607 etiam
945 2567 1052 2618 nola,
1081 2567 1143 2606 sed
1165 2568 1203 2607 ἃ
1231 2568 1312 2620 ipsa
1337 2567 1550 2606 virtutibus

185 2625 318 2666 claret.
340 2626 492 2665 Baculo
510 2628 643 2676 etiam,
658 2640 752 2665 auro
774 2637 881 2666 texta
901 2628 1049 2676 tunica,
1070 2626 1137 2679 qui
1160 2625 1325 2666 baculus
1348 2625 1550 2664 miraculis

185 2684 401 2724 choruscus
422 2699 492 2737 per
513 2685 679 2738 patriam
700 2684 857 2738 insignis
879 2685 1126 2738 praedicatur.
1157 2702 1172 2721 <x
1193 2684 1268 2724 Sed
1291 2684 1396 2737 quia,
1416 2684 1548 2736 inquit

190 2762 204 2781 x
230 2744 465 2797 patriarcha,
493 2743 690 2784 laboriosa
708 2744 823 2784 vobis
845 2743 932 2784 sunt
959 2745 999 2784 in
1020 2744 1160 2784 itinere
1182 2743 1228 2782 ad
1251 2742 1478 2794 ferendum,
1499 2743 1546 2782 ad
