<?xml version="1.0" encoding="UTF-8"?>
<!DOCTYPE html PUBLIC "-//W3C//DTD XHTML 1.0 Transitional//EN"
    "http://www.w3.org/TR/xhtml1/DTD/xhtml1-transitional.dtd">
<html xmlns="http://www.w3.org/1999/xhtml" xml:lang="en" lang="en">
 <head>
  <title>
</title>
<meta http-equiv="Content-Type" content="text/html;charset=utf-8" />
  <meta name='ocr-system' content='tesseract 3.04.00' />
  <meta name='ocr-capabilities' content='ocr_page ocr_carea ocr_par ocr_line ocrx_word'/>
</head>
<body>
  <div class='ocr_page' id='page_1' title='image "./p1itinerahierosoly02tobl_0112.png"; bbox 0 0 2131 3552; ppageno 0'>
   <div class='ocr_carea' id='block_1_1' title="bbox 1222 186 1362 248">
    <p class='ocr_par' dir='ltr' id='par_1_1' title="bbox 1222 186 1362 248">
     <span class='ocr_line' id='line_1_1' title="bbox 1222 186 1362 248; baseline 0 -2"><span class='ocrx_word' id='word_1_1' title='bbox 1222 186 1362 248; x_wconf 83' lang='lat'>(400)</span> 
     </span>
    </p>
   </div>
   <div class='ocr_carea' id='block_1_2' title="bbox 687 341 1918 1220">
    <p class='ocr_par' dir='ltr' id='par_1_2' title="bbox 691 341 1623 397">
     <span class='ocr_line' id='line_1_2' title="bbox 691 341 1623 397; baseline 0.003 -15"><span class='ocrx_word' id='word_1_2' title='bbox 691 341 907 397; x_wconf 89' lang='lat' dir='ltr'>Postquam</span> <span class='ocrx_word' id='word_1_3' title='bbox 928 343 1115 383; x_wconf 89' lang='lat' dir='ltr'>Romana</span> <span class='ocrx_word' id='word_1_4' title='bbox 1136 344 1302 386; x_wconf 86' lang='lat' dir='ltr'>disceffit</span> <span class='ocrx_word' id='word_1_5' title='bbox 1322 345 1492 385; x_wconf 87' lang='lat' dir='ltr'>Alexius</span> <span class='ocrx_word' id='word_1_6' title='bbox 1513 345 1623 395; x_wconf 89' lang='lat' dir='ltr'>urbe,</span> 
     </span>
    </p>

    <p class='ocr_par' dir='ltr' id='par_1_3' title="bbox 691 400 1710 457">
     <span class='ocr_line' id='line_1_3' title="bbox 691 400 1710 457; baseline 0.002 -16"><span class='ocrx_word' id='word_1_7' title='bbox 691 400 863 457; x_wconf 70' lang='lat' dir='ltr'>Questio</span> <span class='ocrx_word' id='word_1_8' title='bbox 883 401 941 453; x_wconf 87' lang='lat' dir='ltr'>fit,</span> <span class='ocrx_word' id='word_1_9' title='bbox 961 402 1121 455; x_wconf 91' lang='lat' dir='ltr'>sponsus</span> <span class='ocrx_word' id='word_1_10' title='bbox 1142 405 1208 444; x_wconf 92' lang='lat' dir='ltr'>ubi</span> <span class='ocrx_word' id='word_1_11' title='bbox 1231 403 1296 454; x_wconf 89' lang='lat' dir='ltr'>s1t;</span> <span class='ocrx_word' id='word_1_12' title='bbox 1316 405 1378 445; x_wconf 91' lang='lat' dir='ltr'>sed</span> <span class='ocrx_word' id='word_1_13' title='bbox 1400 419 1481 445; x_wconf 91' lang='lat' dir='ltr'>non</span> <span class='ocrx_word' id='word_1_14' title='bbox 1501 404 1710 457; x_wconf 90' lang='lat' dir='ltr'>reperitur.</span> 
     </span>
    </p>

    <p class='ocr_par' dir='ltr' id='par_1_4' title="bbox 689 458 1720 514">
     <span class='ocr_line' id='line_1_4' title="bbox 689 458 1720 514; baseline 0.002 -15"><span class='ocrx_word' id='word_1_15' title='bbox 689 458 800 513; x_wconf 89' lang='lat' dir='ltr'>Ergo</span> <span class='ocrx_word' id='word_1_16' title='bbox 822 470 932 513; x_wconf 90' lang='lat' dir='ltr'>pater</span> <span class='ocrx_word' id='word_1_17' title='bbox 952 460 1084 502; x_wconf 88' lang='lat' dir='ltr'>servos</span> <span class='ocrx_word' id='word_1_18' title='bbox 1106 473 1237 514; x_wconf 90' lang='lat' dir='ltr'>partes</span> <span class='ocrx_word' id='word_1_19' title='bbox 1258 463 1485 503; x_wconf 88' lang='lat' dir='ltr'>transmittit</span> <span class='ocrx_word' id='word_1_20' title='bbox 1505 463 1544 502; x_wconf 91' lang='lat' dir='ltr'>in</span> <span class='ocrx_word' id='word_1_21' title='bbox 1565 476 1720 513; x_wconf 89' lang='lat' dir='ltr'>omnes,</span> 
     </span>
    </p>

    <p class='ocr_par' dir='ltr' id='par_1_5' title="bbox 688 516 1866 689">
     <span class='ocr_line' id='line_1_5' title="bbox 691 516 1866 574; baseline 0.001 -17"><span class='ocrx_word' id='word_1_22' title='bbox 691 516 811 572; x_wconf 76' lang='lat' dir='ltr'>Quot</span> <span class='ocrx_word' id='word_1_23' title='bbox 831 518 960 559; x_wconf 92' lang='lat' dir='ltr'>subito</span> <span class='ocrx_word' id='word_1_24' title='bbox 983 531 1176 573; x_wconf 87' lang='lat' dir='ltr'>peragant</span> <span class='ocrx_word' id='word_1_25' title='bbox 1196 520 1234 560; x_wconf 77' lang='grc' dir='ltr'>ὅτ</span> <span class='ocrx_word' id='word_1_26' title='bbox 1255 531 1453 574; x_wconf 90' lang='lat' dir='ltr'>temptant</span> <span class='ocrx_word' id='word_1_27' title='bbox 1474 534 1651 574; x_wconf 88' lang='lat' dir='ltr'>quaerere</span> <span class='ocrx_word' id='word_1_28' title='bbox 1671 519 1866 573; x_wconf 90' lang='lat' dir='ltr'>sponsum.</span> 
     </span>
     <span class='ocr_line' id='line_1_6' title="bbox 689 576 1762 633; baseline 0.002 -18"><span class='ocrx_word' id='word_1_29' title='bbox 689 576 782 616; x_wconf 92' lang='lat' dir='ltr'>Nec</span> <span class='ocrx_word' id='word_1_30' title='bbox 803 591 899 616; x_wconf 90' lang='lat' dir='ltr'>mox</span> <span class='ocrx_word' id='word_1_31' title='bbox 921 576 1146 618; x_wconf 89' lang='lat' dir='ltr'>discurrunt</span> <span class='ocrx_word' id='word_1_32' title='bbox 1166 578 1319 618; x_wconf 92' lang='lat' dir='ltr'>domini</span> <span class='ocrx_word' id='word_1_33' title='bbox 1341 580 1559 633; x_wconf 87' lang='lat' dir='ltr'>quaerendo</span> <span class='ocrx_word' id='word_1_34' title='bbox 1581 578 1762 629; x_wconf 89' lang='lat' dir='ltr'>ministri,</span> 
     </span>
     <span class='ocr_line' id='line_1_7' title="bbox 688 634 1560 689; baseline 0.005 -16"><span class='ocrx_word' id='word_1_35' title='bbox 688 634 817 688; x_wconf 76' lang='lat' dir='ltr'>Edzſje</span> <span class='ocrx_word' id='word_1_36' title='bbox 836 636 1004 675; x_wconf 90' lang='lat' dir='ltr'>veniunt</span> <span class='ocrx_word' id='word_1_37' title='bbox 1023 636 1188 689; x_wconf 89' lang='lat' dir='ltr'>quidam</span> <span class='ocrx_word' id='word_1_38' title='bbox 1209 637 1257 676; x_wconf 90' lang='lat' dir='ltr'>ad</span> <span class='ocrx_word' id='word_1_39' title='bbox 1279 638 1430 679; x_wconf 90' lang='lat' dir='ltr'>moenia</span> <span class='ocrx_word' id='word_1_40' title='bbox 1449 638 1560 677; x_wconf 84' lang='lat' dir='ltr'>miffi.</span> 
     </span>
    </p>

    <p class='ocr_par' dir='ltr' id='par_1_6' title="bbox 688 691 1539 737">
     <span class='ocr_line' id='line_1_8' title="bbox 688 691 1539 737; baseline 0.006 -6"><span class='ocrx_word' id='word_1_41' title='bbox 688 691 800 732; x_wconf 84' lang='lat' dir='ltr'>Inter</span> <span class='ocrx_word' id='word_1_42' title='bbox 821 694 1032 734; x_wconf 90' lang='lat' dir='ltr'>mendicos</span> <span class='ocrx_word' id='word_1_43' title='bbox 1054 692 1249 735; x_wconf 90' lang='lat' dir='ltr'>refidebat</span> <span class='ocrx_word' id='word_1_44' title='bbox 1268 696 1439 737; x_wconf 87' lang='lat' dir='ltr'>Alexius</span> <span class='ocrx_word' id='word_1_45' title='bbox 1460 695 1539 736; x_wconf 93' lang='lat' dir='ltr'>ille.</span> 
     </span>
    </p>

    <p class='ocr_par' dir='ltr' id='par_1_7' title="bbox 688 751 1918 866">
     <span class='ocr_line' id='line_1_9' title="bbox 688 751 1918 806; baseline 0.001 -15"><span class='ocrx_word' id='word_1_46' title='bbox 688 751 780 791; x_wconf 92' lang='lat' dir='ltr'>Nec</span> <span class='ocrx_word' id='word_1_47' title='bbox 802 763 935 793; x_wconf 91' lang='lat' dir='ltr'>tamen</span> <span class='ocrx_word' id='word_1_48' title='bbox 951 755 1059 794; x_wconf 89' lang='lat' dir='ltr'>hunc</span> <span class='ocrx_word' id='word_1_49' title='bbox 1080 753 1262 806; x_wconf 90' lang='lat' dir='ltr'>noscunt,</span> <span class='ocrx_word' id='word_1_50' title='bbox 1287 754 1349 794; x_wconf 91' lang='lat' dir='ltr'>sed</span> <span class='ocrx_word' id='word_1_51' title='bbox 1368 754 1406 795; x_wconf 72' lang='grc' dir='ltr'>δι</span> <span class='ocrx_word' id='word_1_52' title='bbox 1426 755 1492 794; x_wconf 91' lang='lat' dir='ltr'>hic</span> <span class='ocrx_word' id='word_1_53' title='bbox 1513 755 1614 793; x_wconf 92' lang='lat' dir='ltr'>bene</span> <span class='ocrx_word' id='word_1_54' title='bbox 1634 763 1800 794; x_wconf 90' lang='lat' dir='ltr'>noverat</span> <span class='ocrx_word' id='word_1_55' title='bbox 1816 752 1918 793; x_wconf 89' lang='lat' dir='ltr'>illos.</span> 
     </span>
     <span class='ocr_line' id='line_1_10' title="bbox 688 810 1699 866; baseline 0.003 -18"><span class='ocrx_word' id='word_1_56' title='bbox 688 810 727 848; x_wconf 91' lang='lat' dir='ltr'><strong>A</strong></span> <span class='ocrx_word' id='word_1_57' title='bbox 750 812 923 863; x_wconf 90' lang='lat' dir='ltr'>propriis</span> <span class='ocrx_word' id='word_1_58' title='bbox 944 812 1105 853; x_wconf 87' lang='lat' dir='ltr'>famulis</span> <span class='ocrx_word' id='word_1_59' title='bbox 1124 814 1302 866; x_wconf 88' lang='lat' dir='ltr'>gaudens</span> <span class='ocrx_word' id='word_1_60' title='bbox 1324 813 1389 866; x_wconf 88' lang='lat' dir='ltr'>pia</span> <span class='ocrx_word' id='word_1_61' title='bbox 1409 815 1516 853; x_wconf 91' lang='lat' dir='ltr'>dona</span> <span class='ocrx_word' id='word_1_62' title='bbox 1535 812 1699 865; x_wconf 92' lang='lat' dir='ltr'>recepit.</span> 
     </span>
    </p>

    <p class='ocr_par' dir='ltr' id='par_1_8' title="bbox 688 867 1672 926">
     <span class='ocr_line' id='line_1_11' title="bbox 688 867 1672 926; baseline 0.004 -20"><span class='ocrx_word' id='word_1_63' title='bbox 688 867 796 922; x_wconf 84' lang='lat' dir='ltr'>Ergo</span> <span class='ocrx_word' id='word_1_64' title='bbox 819 869 914 910; x_wconf 92' lang='lat' dir='ltr'>Deo</span> <span class='ocrx_word' id='word_1_65' title='bbox 937 871 1075 911; x_wconf 93' lang='lat' dir='ltr'>retulit</span> <span class='ocrx_word' id='word_1_66' title='bbox 1096 882 1237 925; x_wconf 87' lang='lat' dir='ltr'>grates,</span> <span class='ocrx_word' id='word_1_67' title='bbox 1259 887 1423 926; x_wconf 89' lang='lat' dir='ltr'>quoque</span> <span class='ocrx_word' id='word_1_68' title='bbox 1443 871 1537 912; x_wconf 89' lang='lat' dir='ltr'>talia</span> <span class='ocrx_word' id='word_1_69' title='bbox 1556 870 1672 911; x_wconf 88' lang='lat' dir='ltr'>dixit:</span> 
     </span>
    </p>

    <p class='ocr_par' dir='ltr' id='par_1_9' title="bbox 690 926 1827 984">
     <span class='ocr_line' id='line_1_12' title="bbox 690 926 1827 984; baseline 0.002 -18"><span class='ocrx_word' id='word_1_70' title='bbox 690 943 704 962; x_wconf 88' lang='lat'>«</span> <span class='ocrx_word' id='word_1_71' title='bbox 729 926 876 967; x_wconf 89' lang='lat' dir='ltr'>Reddo</span> <span class='ocrx_word' id='word_1_72' title='bbox 898 928 994 969; x_wconf 87' lang='lat' dir='ltr'>Deo</span> <span class='ocrx_word' id='word_1_73' title='bbox 1015 940 1160 983; x_wconf 85' lang='lat' dir='ltr'>grates,</span> <span class='ocrx_word' id='word_1_74' title='bbox 1181 931 1290 984; x_wconf 92' lang='lat' dir='ltr'>quod</span> <span class='ocrx_word' id='word_1_75' title='bbox 1311 929 1363 970; x_wconf 89' lang='lat' dir='ltr'>fic</span> <span class='ocrx_word' id='word_1_76' title='bbox 1384 945 1462 982; x_wconf 91' lang='lat' dir='ltr'>me,</span> <span class='ocrx_word' id='word_1_77' title='bbox 1483 929 1655 980; x_wconf 89' lang='lat' dir='ltr'>Christe,</span> <span class='ocrx_word' id='word_1_78' title='bbox 1675 928 1827 980; x_wconf 90' lang='lat' dir='ltr'>iuvasti,</span> 
     </span>
    </p>

    <p class='ocr_par' dir='ltr' id='par_1_10' title="bbox 689 985 1546 1054">
     <span class='ocr_line' id='line_1_13' title="bbox 689 985 1546 1054; baseline 0.005 -29"><span class='ocrx_word' id='word_1_79' title='bbox 689 1001 704 1021; x_wconf 90' lang='lat'>«</span> <span class='ocrx_word' id='word_1_80' title='bbox 731 985 790 1025; x_wconf 94' lang='lat' dir='ltr'>Ut</span> <span class='ocrx_word' id='word_1_81' title='bbox 811 1001 889 1040; x_wconf 91' lang='lat' dir='ltr'>que</span> <span class='ocrx_word' id='word_1_82' title='bbox 909 988 1060 1054; x_wconf 77' lang='lat' dir='ltr'>cepisti,</span> <span class='ocrx_word' id='word_1_83' title='bbox 1082 1003 1180 1043; x_wconf 90' lang='lat' dir='ltr'>rogo</span> <span class='ocrx_word' id='word_1_84' title='bbox 1202 988 1386 1042; x_wconf 88' lang='lat' dir='ltr'>perficias</span> <span class='ocrx_word' id='word_1_85' title='bbox 1407 990 1446 1029; x_wconf 92' lang='lat' dir='ltr'>in</span> <span class='ocrx_word' id='word_1_86' title='bbox 1468 1003 1546 1040; x_wconf 91' lang='lat' dir='ltr'>me,</span> 
     </span>
    </p>

    <p class='ocr_par' dir='ltr' id='par_1_11' title="bbox 689 1043 1608 1101">
     <span class='ocr_line' id='line_1_14' title="bbox 689 1043 1608 1101; baseline 0.004 -17"><span class='ocrx_word' id='word_1_87' title='bbox 689 1060 704 1080; x_wconf 90' lang='lat'>«</span> <span class='ocrx_word' id='word_1_88' title='bbox 731 1043 807 1084; x_wconf 91' lang='lat' dir='ltr'>Me</span> <span class='ocrx_word' id='word_1_89' title='bbox 828 1045 948 1087; x_wconf 89' lang='lat' dir='ltr'>facias</span> <span class='ocrx_word' id='word_1_90' title='bbox 968 1047 1092 1087; x_wconf 88' lang='lat' dir='ltr'>vitam</span> <span class='ocrx_word' id='word_1_91' title='bbox 1113 1047 1317 1101; x_wconf 89' lang='lat' dir='ltr'>complere</span> <span class='ocrx_word' id='word_1_92' title='bbox 1339 1047 1418 1088; x_wconf 91' lang='lat' dir='ltr'>fine</span> <span class='ocrx_word' id='word_1_93' title='bbox 1440 1048 1608 1088; x_wconf 83' lang='lat' dir='ltr'>beate.»</span> 
     </span>
    </p>

    <p class='ocr_par' dir='ltr' id='par_1_12' title="bbox 687 1102 1752 1220">
     <span class='ocr_line' id='line_1_15' title="bbox 687 1102 1752 1173; baseline 0.004 -32"><span class='ocrx_word' id='word_1_94' title='bbox 687 1102 808 1143; x_wconf 91' lang='lat' dir='ltr'>Hunc</span> <span class='ocrx_word' id='word_1_95' title='bbox 830 1118 912 1144; x_wconf 90' lang='lat' dir='ltr'>non</span> <span class='ocrx_word' id='word_1_96' title='bbox 934 1105 1158 1157; x_wconf 83' lang='lat' dir='ltr'>inveniunt,</span> <span class='ocrx_word' id='word_1_97' title='bbox 1178 1107 1334 1147; x_wconf 90' lang='lat' dir='ltr'>fuerant</span> <span class='ocrx_word' id='word_1_98' title='bbox 1354 1108 1422 1173; x_wconf 80' lang='lat' dir='ltr'>qui</span> <span class='ocrx_word' id='word_1_99' title='bbox 1444 1119 1621 1161; x_wconf 89' lang='lat' dir='ltr'>quaerere</span> <span class='ocrx_word' id='word_1_100' title='bbox 1643 1105 1752 1145; x_wconf 84' lang='lat' dir='ltr'>miffi.</span> 
     </span>
     <span class='ocr_line' id='line_1_16' title="bbox 687 1160 1720 1220; baseline 0.004 -20"><span class='ocrx_word' id='word_1_101' title='bbox 687 1160 794 1201; x_wconf 88' lang='lat' dir='ltr'>Mox</span> <span class='ocrx_word' id='word_1_102' title='bbox 815 1164 981 1204; x_wconf 89' lang='lat' dir='ltr'>veniunt</span> <span class='ocrx_word' id='word_1_103' title='bbox 1002 1164 1040 1205; x_wconf 90' lang='lat'>&amp;</span> <span class='ocrx_word' id='word_1_104' title='bbox 1060 1179 1142 1205; x_wconf 91' lang='lat' dir='ltr'>non</span> <span class='ocrx_word' id='word_1_105' title='bbox 1162 1165 1338 1206; x_wconf 90' lang='lat' dir='ltr'>referunt</span> <span class='ocrx_word' id='word_1_106' title='bbox 1359 1167 1425 1220; x_wconf 93' lang='lat' dir='ltr'>pia</span> <span class='ocrx_word' id='word_1_107' title='bbox 1443 1165 1589 1220; x_wconf 87' lang='lat' dir='ltr'>gaudia</span> <span class='ocrx_word' id='word_1_108' title='bbox 1608 1164 1720 1217; x_wconf 91' lang='lat' dir='ltr'>patri.</span> 
     </span>
    </p>
   </div>
   <div class='ocr_carea' id='block_1_3' title="bbox 687 1250 1970 1264">
    <p class='ocr_par' dir='ltr' id='par_1_13' title="bbox 687 1250 1970 1264">
     <span class='ocr_line' id='line_1_17' title="bbox 687 1250 1970 1264; baseline -0.001 -1"><span class='ocrx_word' id='word_1_109' title='bbox 687 1250 1970 1264; x_wconf 70' lang='lat'><strong>····················</strong></span> 
     </span>
    </p>
   </div>
   <div class='ocr_carea' id='block_1_4' title="bbox 684 1283 1866 1933">
    <p class='ocr_par' dir='ltr' id='par_1_14' title="bbox 686 1283 1672 1338">
     <span class='ocr_line' id='line_1_18' title="bbox 686 1283 1672 1338; baseline 0.004 -15"><span class='ocrx_word' id='word_1_110' title='bbox 686 1283 849 1337; x_wconf 86' lang='lat' dir='ltr'>Septem</span> <span class='ocrx_word' id='word_1_111' title='bbox 870 1301 964 1326; x_wconf 90' lang='lat' dir='ltr'>cum</span> <span class='ocrx_word' id='word_1_112' title='bbox 985 1288 1099 1328; x_wconf 90' lang='lat' dir='ltr'>denis</span> <span class='ocrx_word' id='word_1_113' title='bbox 1119 1289 1172 1328; x_wconf 92' lang='lat' dir='ltr'>ibi</span> <span class='ocrx_word' id='word_1_114' title='bbox 1194 1289 1334 1329; x_wconf 77' lang='lat' dir='ltr'>mansit</span> <span class='ocrx_word' id='word_1_115' title='bbox 1355 1289 1525 1329; x_wconf 85' lang='lat' dir='ltr'>Alexius</span> <span class='ocrx_word' id='word_1_116' title='bbox 1546 1287 1672 1338; x_wconf 89' lang='lat' dir='ltr'>annis,</span> 
     </span>
    </p>

    <p class='ocr_par' dir='ltr' id='par_1_15' title="bbox 684 1342 1830 1460">
     <span class='ocr_line' id='line_1_19' title="bbox 685 1342 1830 1414; baseline 0.002 -31"><span class='ocrx_word' id='word_1_117' title='bbox 685 1342 777 1384; x_wconf 90' lang='lat' dir='ltr'>Post</span> <span class='ocrx_word' id='word_1_118' title='bbox 797 1355 953 1385; x_wconf 88' lang='lat' dir='ltr'>tantum</span> <span class='ocrx_word' id='word_1_119' title='bbox 974 1357 1132 1400; x_wconf 89' lang='lat' dir='ltr'>tempus</span> <span class='ocrx_word' id='word_1_120' title='bbox 1153 1347 1288 1389; x_wconf 90' lang='lat' dir='ltr'>nullus</span> <span class='ocrx_word' id='word_1_121' title='bbox 1309 1347 1570 1414; x_wconf 86' lang='lat' dir='ltr'>cognoscerat</span> <span class='ocrx_word' id='word_1_122' title='bbox 1590 1346 1681 1401; x_wconf 83' lang='lat' dir='ltr'><em>(stc)</em></span> <span class='ocrx_word' id='word_1_123' title='bbox 1701 1345 1830 1386; x_wconf 89' lang='lat' dir='ltr'>illum.</span> 
     </span>
     <span class='ocr_line' id='line_1_20' title="bbox 684 1402 1570 1460; baseline 0.005 -18"><span class='ocrx_word' id='word_1_124' title='bbox 684 1402 908 1444; x_wconf 86' lang='lat' dir='ltr'>Notificare</span> <span class='ocrx_word' id='word_1_125' title='bbox 929 1405 1068 1447; x_wconf 85' lang='lat' dir='ltr'>volens</span> <span class='ocrx_word' id='word_1_126' title='bbox 1089 1407 1174 1447; x_wconf 86' lang='lat' dir='ltr'>eius</span> <span class='ocrx_word' id='word_1_127' title='bbox 1195 1407 1319 1447; x_wconf 88' lang='lat' dir='ltr'>vitam</span> <span class='ocrx_word' id='word_1_128' title='bbox 1340 1408 1405 1460; x_wconf 92' lang='lat' dir='ltr'>pia</span> <span class='ocrx_word' id='word_1_129' title='bbox 1426 1407 1570 1460; x_wconf 87' lang='lat' dir='ltr'>Virgo,</span> 
     </span>
    </p>

    <p class='ocr_par' dir='ltr' id='par_1_16' title="bbox 686 1461 1588 1519">
     <span class='ocr_line' id='line_1_21' title="bbox 686 1461 1588 1519; baseline 0.005 -19"><span class='ocrx_word' id='word_1_130' title='bbox 686 1461 804 1502; x_wconf 84' lang='lat' dir='ltr'>Dixit</span> <span class='ocrx_word' id='word_1_131' title='bbox 824 1463 977 1504; x_wconf 88' lang='lat' dir='ltr'>custodi</span> <span class='ocrx_word' id='word_1_132' title='bbox 1000 1465 1172 1505; x_wconf 88' lang='lat' dir='ltr'>Domini</span> <span class='ocrx_word' id='word_1_133' title='bbox 1194 1466 1403 1519; x_wconf 86' lang='lat' dir='ltr'>genitricis</span> <span class='ocrx_word' id='word_1_134' title='bbox 1417 1479 1588 1519; x_wconf 89' lang='lat' dir='ltr'>ymago:</span> 
     </span>
    </p>

    <p class='ocr_par' dir='ltr' id='par_1_17' title="bbox 685 1518 1866 1694">
     <span class='ocr_line' id='line_1_22' title="bbox 687 1518 1866 1578; baseline 0.001 -18"><span class='ocrx_word' id='word_1_135' title='bbox 687 1537 702 1557; x_wconf 86' lang='lat'>«</span> <span class='ocrx_word' id='word_1_136' title='bbox 727 1518 923 1562; x_wconf 89' lang='lat' dir='ltr'>Introduc</span> <span class='ocrx_word' id='word_1_137' title='bbox 945 1524 1141 1563; x_wconf 90' lang='lat' dir='ltr'>famulum</span> <span class='ocrx_word' id='word_1_138' title='bbox 1163 1525 1364 1578; x_wconf 87' lang='lat' dir='ltr'>quendam</span> <span class='ocrx_word' id='word_1_139' title='bbox 1384 1525 1562 1564; x_wconf 89' lang='lat' dir='ltr'>nostrum</span> <span class='ocrx_word' id='word_1_140' title='bbox 1584 1523 1866 1577; x_wconf 82' lang='lat' dir='ltr'>peregrinum3</span> 
     </span>
     <span class='ocr_line' id='line_1_23' title="bbox 687 1579 1861 1637; baseline 0.002 -19"><span class='ocrx_word' id='word_1_141' title='bbox 687 1596 701 1615; x_wconf 87' lang='lat'>«</span> <span class='ocrx_word' id='word_1_142' title='bbox 728 1579 798 1619; x_wconf 86' lang='lat' dir='ltr'>Est</span> <span class='ocrx_word' id='word_1_143' title='bbox 817 1582 968 1621; x_wconf 88' lang='lat' dir='ltr'>etenim</span> <span class='ocrx_word' id='word_1_144' title='bbox 988 1582 1094 1624; x_wconf 90' lang='lat' dir='ltr'>coelo</span> <span class='ocrx_word' id='word_1_145' title='bbox 1117 1597 1284 1636; x_wconf 89' lang='lat' dir='ltr'>magnus</span> <span class='ocrx_word' id='word_1_146' title='bbox 1305 1598 1468 1637; x_wconf 92' lang='lat' dir='ltr'>quoque</span> <span class='ocrx_word' id='word_1_147' title='bbox 1489 1582 1634 1636; x_wconf 90' lang='lat' dir='ltr'>dignus</span> <span class='ocrx_word' id='word_1_148' title='bbox 1653 1581 1861 1621; x_wconf 80' lang='lat' dir='ltr'>honore.»</span> 
     </span>
     <span class='ocr_line' id='line_1_24' title="bbox 685 1638 1662 1694; baseline 0.003 -17"><span class='ocrx_word' id='word_1_149' title='bbox 685 1638 902 1680; x_wconf 90' lang='lat' dir='ltr'>Accelerat</span> <span class='ocrx_word' id='word_1_150' title='bbox 922 1640 1055 1681; x_wconf 89' lang='lat' dir='ltr'>custos</span> <span class='ocrx_word' id='word_1_151' title='bbox 1075 1641 1272 1682; x_wconf 89' lang='lat' dir='ltr'>Dominae</span> <span class='ocrx_word' id='word_1_152' title='bbox 1292 1642 1479 1682; x_wconf 88' lang='lat' dir='ltr'>mandata</span> <span class='ocrx_word' id='word_1_153' title='bbox 1496 1640 1662 1694; x_wconf 89' lang='lat' dir='ltr'>replere.</span> 
     </span>
    </p>

    <p class='ocr_par' dir='ltr' id='par_1_18' title="bbox 685 1697 1684 1755">
     <span class='ocr_line' id='line_1_25' title="bbox 685 1697 1684 1755; baseline 0.002 -19"><span class='ocrx_word' id='word_1_154' title='bbox 685 1697 758 1736; x_wconf 89' lang='lat' dir='ltr'>Ast</span> <span class='ocrx_word' id='word_1_155' title='bbox 778 1698 881 1738; x_wconf 91' lang='lat' dir='ltr'>inter</span> <span class='ocrx_word' id='word_1_156' title='bbox 901 1699 1080 1754; x_wconf 89' lang='lat' dir='ltr'>reliquos</span> <span class='ocrx_word' id='word_1_157' title='bbox 1101 1702 1244 1755; x_wconf 88' lang='lat' dir='ltr'>inopes</span> <span class='ocrx_word' id='word_1_158' title='bbox 1263 1716 1346 1741; x_wconf 92' lang='lat' dir='ltr'>non</span> <span class='ocrx_word' id='word_1_159' title='bbox 1368 1712 1536 1741; x_wconf 90' lang='lat' dir='ltr'>noverat</span> <span class='ocrx_word' id='word_1_160' title='bbox 1556 1699 1684 1740; x_wconf 89' lang='lat' dir='ltr'>illum.</span> 
     </span>
    </p>

    <p class='ocr_par' dir='ltr' id='par_1_19' title="bbox 687 1755 1804 1872">
     <span class='ocr_line' id='line_1_26' title="bbox 688 1755 1804 1812; baseline 0 -16"><span class='ocrx_word' id='word_1_161' title='bbox 688 1755 795 1796; x_wconf 85' lang='lat' dir='ltr'>Mox</span> <span class='ocrx_word' id='word_1_162' title='bbox 817 1758 1014 1812; x_wconf 90' lang='lat' dir='ltr'>templum</span> <span class='ocrx_word' id='word_1_163' title='bbox 1037 1759 1209 1799; x_wconf 90' lang='lat' dir='ltr'>Domini</span> <span class='ocrx_word' id='word_1_164' title='bbox 1234 1759 1460 1802; x_wconf 83' lang='lat' dir='ltr'>Genitricis</span> <span class='ocrx_word' id='word_1_165' title='bbox 1481 1758 1651 1798; x_wconf 89' lang='lat' dir='ltr'>Alexius</span> <span class='ocrx_word' id='word_1_166' title='bbox 1671 1757 1804 1797; x_wconf 87' lang='lat' dir='ltr'>intrat.</span> 
     </span>
     <span class='ocr_line' id='line_1_27' title="bbox 687 1814 1681 1872; baseline 0.002 -18"><span class='ocrx_word' id='word_1_167' title='bbox 687 1814 782 1855; x_wconf 92' lang='lat' dir='ltr'>Hoc</span> <span class='ocrx_word' id='word_1_168' title='bbox 803 1816 954 1856; x_wconf 62' lang='lat' dir='ltr'>factum</span> <span class='ocrx_word' id='word_1_169' title='bbox 975 1817 1204 1872; x_wconf 78' lang='lat' dir='ltr'>divolgatur</span> <span class='ocrx_word' id='word_1_170' title='bbox 1225 1818 1456 1872; x_wconf 63' lang='lat' dir='ltr'>sanetusque</span> <span class='ocrx_word' id='word_1_171' title='bbox 1477 1817 1681 1871; x_wconf 89' lang='lat' dir='ltr'>probatur.</span> 
     </span>
    </p>

    <p class='ocr_par' dir='ltr' id='par_1_20' title="bbox 687 1873 1685 1933">
     <span class='ocr_line' id='line_1_28' title="bbox 687 1873 1685 1933; baseline 0.003 -20"><span class='ocrx_word' id='word_1_172' title='bbox 687 1873 748 1914; x_wconf 92' lang='lat' dir='ltr'>Ut</span> <span class='ocrx_word' id='word_1_173' title='bbox 768 1877 903 1916; x_wconf 89' lang='lat' dir='ltr'>veniat</span> <span class='ocrx_word' id='word_1_174' title='bbox 926 1875 1094 1933; x_wconf 80' lang='lat' dir='ltr'>Tarfim,</span> <span class='ocrx_word' id='word_1_175' title='bbox 1113 1877 1307 1918; x_wconf 82' lang='lat' dir='ltr'>Laudocia</span> <span class='ocrx_word' id='word_1_176' title='bbox 1326 1877 1462 1917; x_wconf 90' lang='lat' dir='ltr'>littora</span> <span class='ocrx_word' id='word_1_177' title='bbox 1482 1875 1645 1916; x_wconf 88' lang='lat' dir='ltr'>scandit.</span> <span class='ocrx_word' id='word_1_178' title='bbox 1670 1891 1685 1912; x_wconf 83' lang='lat'>»</span> 
     </span>
    </p>
   </div>
   <div class='ocr_carea' id='block_1_5' title="bbox 700 1986 1969 2034">
    <p class='ocr_par' dir='ltr' id='par_1_21' title="bbox 700 1986 1969 2034">
     <span class='ocr_line' id='line_1_29' title="bbox 700 1986 1969 2034; baseline 0.003 -15"><span class='ocrx_word' id='word_1_179' title='bbox 700 1986 932 2034; x_wconf 87' lang='lat' dir='ltr'>[Anonymus,</span> <span class='ocrx_word' id='word_1_180' title='bbox 953 1988 1076 2032; x_wconf 89' lang='lat' dir='ltr'>Vitas.</span> <span class='ocrx_word' id='word_1_181' title='bbox 1099 1989 1224 2033; x_wconf 84' lang='lat' dir='ltr'>Alexij,</span> <span class='ocrx_word' id='word_1_182' title='bbox 1244 2001 1298 2023; x_wconf 87' lang='lat' dir='ltr'>vv.</span> <span class='ocrx_word' id='word_1_183' title='bbox 1319 2001 1442 2033; x_wconf 86' lang='lat'>29-51‚</span> <span class='ocrx_word' id='word_1_184' title='bbox 1462 1991 1578 2031; x_wconf 84' lang='lat'>62-69,</span> <span class='ocrx_word' id='word_1_185' title='bbox 1606 1999 1707 2030; x_wconf 91' lang='lat'>77-79</span> <span class='ocrx_word' id='word_1_186' title='bbox 1727 1987 1849 2032; x_wconf 89' lang='lat' dir='ltr'>(H.-F.</span> <span class='ocrx_word' id='word_1_187' title='bbox 1865 1987 1969 2023; x_wconf 83' lang='lat' dir='ltr'>Maff-</span> 
     </span>
    </p>
   </div>
   <div class='ocr_carea' id='block_1_6' title="bbox 604 2040 1402 2088">
    <p class='ocr_par' dir='ltr' id='par_1_22' title="bbox 604 2040 1402 2088">
     <span class='ocr_line' id='line_1_30' title="bbox 604 2040 1402 2088; baseline 0.006 -17"><span class='ocrx_word' id='word_1_188' title='bbox 604 2050 716 2081; x_wconf 87' lang='lat' dir='ltr'>mann,</span> <span class='ocrx_word' id='word_1_189' title='bbox 733 2041 833 2075; x_wconf 57' lang='lat' dir='ltr'>Sane?</span> <span class='ocrx_word' id='word_1_190' title='bbox 847 2040 985 2076; x_wconf 82' lang='lat' dir='ltr'>Alexius</span> <span class='ocrx_word' id='word_1_191' title='bbox 1006 2043 1121 2086; x_wconf 79' lang='lat' dir='ltr'><em>Leben,</em></span> <span class='ocrx_word' id='word_1_192' title='bbox 1137 2055 1191 2088; x_wconf 91' lang='lat' dir='ltr'>pp.</span> <span class='ocrx_word' id='word_1_193' title='bbox 1215 2043 1402 2085; x_wconf 89' lang='lat'>177-179).]</span> 
     </span>
    </p>
   </div>
   <div class='ocr_carea' id='block_1_7' title="bbox 683 2155 1727 2741">
    <p class='ocr_par' dir='ltr' id='par_1_23' title="bbox 685 2155 1727 2270">
     <span class='ocr_line' id='line_1_31' title="bbox 685 2155 1727 2211; baseline 0.003 -18"><span class='ocrx_word' id='word_1_194' title='bbox 685 2172 700 2192; x_wconf 79' lang='lat'>«</span> <span class='ocrx_word' id='word_1_195' title='bbox 742 2155 916 2209; x_wconf 85' lang='lat' dir='ltr'>Sponsus</span> <span class='ocrx_word' id='word_1_196' title='bbox 938 2158 1022 2198; x_wconf 85' lang='lat' dir='ltr'>exit</span> <span class='ocrx_word' id='word_1_197' title='bbox 1043 2157 1277 2209; x_wconf 87' lang='lat' dir='ltr'>thalamum,</span> <span class='ocrx_word' id='word_1_198' title='bbox 1297 2158 1432 2211; x_wconf 90' lang='lat' dir='ltr'>sponsa</span> <span class='ocrx_word' id='word_1_199' title='bbox 1451 2172 1537 2198; x_wconf 91' lang='lat' dir='ltr'>rem</span> <span class='ocrx_word' id='word_1_200' title='bbox 1558 2158 1727 2197; x_wconf 88' lang='lat' dir='ltr'>mirante</span> 
     </span>
     <span class='ocr_line' id='line_1_32' title="bbox 739 2214 1634 2270; baseline 0.002 -16"><span class='ocrx_word' id='word_1_201' title='bbox 739 2214 794 2255; x_wconf 78' lang='lat' dir='ltr'>Et</span> <span class='ocrx_word' id='word_1_202' title='bbox 815 2216 1028 2270; x_wconf 86' lang='lat' dir='ltr'>frigentem</span> <span class='ocrx_word' id='word_1_203' title='bbox 1049 2216 1243 2257; x_wconf 60' lang='lat' dir='ltr'>leetulum</span> <span class='ocrx_word' id='word_1_204' title='bbox 1263 2217 1439 2257; x_wconf 90' lang='lat' dir='ltr'>lacrimis</span> <span class='ocrx_word' id='word_1_205' title='bbox 1460 2226 1634 2266; x_wconf 89' lang='lat' dir='ltr'>rorante,</span> 
     </span>
    </p>

    <p class='ocr_par' dir='ltr' id='par_1_24' title="bbox 736 2273 1542 2387">
     <span class='ocr_line' id='line_1_33' title="bbox 740 2273 1542 2329; baseline 0.002 -16"><span class='ocrx_word' id='word_1_206' title='bbox 740 2273 794 2313; x_wconf 89' lang='lat' dir='ltr'>Et</span> <span class='ocrx_word' id='word_1_207' title='bbox 815 2285 952 2327; x_wconf 87' lang='lat' dir='ltr'>parato</span> <span class='ocrx_word' id='word_1_208' title='bbox 973 2275 1108 2316; x_wconf 90' lang='lat' dir='ltr'>navita</span> <span class='ocrx_word' id='word_1_209' title='bbox 1129 2289 1273 2316; x_wconf 90' lang='lat' dir='ltr'>navem</span> <span class='ocrx_word' id='word_1_210' title='bbox 1294 2285 1542 2329; x_wconf 75' lang='lat' dir='ltr'>praeparante</span> 
     </span>
     <span class='ocr_line' id='line_1_34' title="bbox 736 2330 1527 2387; baseline 0.004 -17"><span class='ocrx_word' id='word_1_211' title='bbox 736 2330 883 2372; x_wconf 88' lang='lat' dir='ltr'>Fertur</span> <span class='ocrx_word' id='word_1_212' title='bbox 902 2332 1122 2373; x_wconf 81' lang='lat' dir='ltr'>Laodiciam</span> <span class='ocrx_word' id='word_1_213' title='bbox 1143 2333 1238 2374; x_wconf 90' lang='lat' dir='ltr'>Deo</span> <span class='ocrx_word' id='word_1_214' title='bbox 1261 2333 1527 2387; x_wconf 89' lang='lat' dir='ltr'>prosperante.</span> 
     </span>
    </p>

    <p class='ocr_par' dir='ltr' id='par_1_25' title="bbox 683 2388 1662 2562">
     <span class='ocr_line' id='line_1_35' title="bbox 683 2388 1574 2446; baseline 0.004 -17"><span class='ocrx_word' id='word_1_215' title='bbox 683 2388 833 2431; x_wconf 88' lang='lat' dir='ltr'>Forma</span> <span class='ocrx_word' id='word_1_216' title='bbox 854 2391 1002 2433; x_wconf 92' lang='lat' dir='ltr'>Christi</span> <span class='ocrx_word' id='word_1_217' title='bbox 1023 2393 1202 2446; x_wconf 87' lang='lat' dir='ltr'>corporis</span> <span class='ocrx_word' id='word_1_218' title='bbox 1223 2403 1306 2432; x_wconf 87' lang='lat' dir='ltr'>erat</span> <span class='ocrx_word' id='word_1_219' title='bbox 1326 2403 1422 2433; x_wconf 89' lang='lat' dir='ltr'>tunc</span> <span class='ocrx_word' id='word_1_220' title='bbox 1441 2392 1574 2446; x_wconf 82' lang='lat' dir='ltr'>Edeffe</span> 
     </span>
     <span class='ocr_line' id='line_1_36' title="bbox 737 2448 1662 2505; baseline 0.002 -17"><span class='ocrx_word' id='word_1_221' title='bbox 737 2448 879 2505; x_wconf 70' lang='lat' dir='ltr'>Quam</span> <span class='ocrx_word' id='word_1_222' title='bbox 900 2465 982 2491; x_wconf 89' lang='lat' dir='ltr'>non</span> <span class='ocrx_word' id='word_1_223' title='bbox 1004 2465 1107 2504; x_wconf 91' lang='lat' dir='ltr'>opus</span> <span class='ocrx_word' id='word_1_224' title='bbox 1126 2451 1304 2492; x_wconf 88' lang='lat' dir='ltr'>hominis</span> <span class='ocrx_word' id='word_1_225' title='bbox 1325 2450 1544 2491; x_wconf 85' lang='lat' dir='ltr'>afferebant</span> <span class='ocrx_word' id='word_1_226' title='bbox 1564 2448 1662 2500; x_wconf 81' lang='lat' dir='ltr'>effe3</span> 
     </span>
     <span class='ocr_line' id='line_1_37' title="bbox 734 2507 1463 2562; baseline 0.004 -15"><span class='ocrx_word' id='word_1_227' title='bbox 734 2507 859 2562; x_wconf 89' lang='lat' dir='ltr'>Rapit</span> <span class='ocrx_word' id='word_1_228' title='bbox 878 2509 958 2549; x_wconf 93' lang='lat' dir='ltr'>huc</span> <span class='ocrx_word' id='word_1_229' title='bbox 979 2509 1149 2550; x_wconf 87' lang='lat' dir='ltr'>Alexius</span> <span class='ocrx_word' id='word_1_230' title='bbox 1170 2510 1243 2550; x_wconf 89' lang='lat' dir='ltr'>iter</span> <span class='ocrx_word' id='word_1_231' title='bbox 1262 2510 1463 2561; x_wconf 86' lang='lat' dir='ltr'>indefeffe,</span> 
     </span>
    </p>

    <p class='ocr_par' dir='ltr' id='par_1_26' title="bbox 736 2565 1595 2622">
     <span class='ocr_line' id='line_1_38' title="bbox 736 2565 1595 2622; baseline 0.002 -16"><span class='ocrx_word' id='word_1_232' title='bbox 736 2565 919 2620; x_wconf 86' lang='lat' dir='ltr'>Erogans</span> <span class='ocrx_word' id='word_1_233' title='bbox 939 2568 979 2608; x_wconf 92' lang='lat' dir='ltr'>in</span> <span class='ocrx_word' id='word_1_234' title='bbox 1001 2582 1225 2621; x_wconf 90' lang='lat' dir='ltr'>pauperum</span> <span class='ocrx_word' id='word_1_235' title='bbox 1247 2569 1412 2622; x_wconf 89' lang='lat' dir='ltr'>propria</span> <span class='ocrx_word' id='word_1_236' title='bbox 1429 2566 1595 2609; x_wconf 87' lang='lat' dir='ltr'>neceffe.</span> 
     </span>
    </p>

    <p class='ocr_par' dir='ltr' id='par_1_27' title="bbox 683 2625 1513 2681">
     <span class='ocr_line' id='line_1_39' title="bbox 683 2625 1513 2681; baseline 0.002 -15"><span class='ocrx_word' id='word_1_237' title='bbox 683 2625 791 2666; x_wconf 90' lang='lat' dir='ltr'>Cum</span> <span class='ocrx_word' id='word_1_238' title='bbox 813 2626 953 2668; x_wconf 91' lang='lat' dir='ltr'>diebus</span> <span class='ocrx_word' id='word_1_239' title='bbox 973 2625 1133 2681; x_wconf 81' lang='lat' dir='ltr'>singulis</span> <span class='ocrx_word' id='word_1_240' title='bbox 1154 2626 1291 2667; x_wconf 92' lang='lat' dir='ltr'>villam</span> <span class='ocrx_word' id='word_1_241' title='bbox 1310 2628 1513 2679; x_wconf 91' lang='lat' dir='ltr'>circuiret,</span> 
     </span>
    </p>

    <p class='ocr_par' dir='ltr' id='par_1_28' title="bbox 734 2685 1616 2741">
     <span class='ocr_line' id='line_1_40' title="bbox 734 2685 1616 2741; baseline 0.002 -16"><span class='ocrx_word' id='word_1_242' title='bbox 734 2685 793 2725; x_wconf 93' lang='lat' dir='ltr'>Ut</span> <span class='ocrx_word' id='word_1_243' title='bbox 814 2686 998 2726; x_wconf 91' lang='lat' dir='ltr'>ciborum</span> <span class='ocrx_word' id='word_1_244' title='bbox 1020 2688 1181 2740; x_wconf 91' lang='lat' dir='ltr'>copiam</span> <span class='ocrx_word' id='word_1_245' title='bbox 1203 2702 1385 2741; x_wconf 86' lang='lat' dir='ltr'>quaerens</span> <span class='ocrx_word' id='word_1_246' title='bbox 1406 2688 1616 2738; x_wconf 89' lang='lat' dir='ltr'>inveniret,</span> 
     </span>
    </p>
   </div>
  </div>
 </body>
</html>
