2131 3552
579 204 640 266 76
1198 204 1334 270 (385)

580 361 803 402 salvatoris.
838 362 934 402 Vidi
955 376 1118 416 quoque
1147 363 1440 404 famofiffimum
1461 363 1607 414 lacum,
1638 377 1713 403 nec
1734 377 1799 403 me
1820 364 1935 404 inerti

580 420 723 460 tradidi
744 421 842 472 otio,
863 420 924 460 sed
947 420 1073 460 multa
1092 421 1227 473 didici,
1248 437 1337 475 quae
1358 433 1448 463 ante
1470 422 1695 462 nesciebam
1716 453 1724 461 .
1749 453 1756 461 .
1779 453 1786 461 .
1815 439 1828 457 ›>

674 512 716 553 [S.
738 509 974 556 Hieronymu8‚
995 511 1171 553 Adversus
1184 513 1343 556 Rufinum,
1367 512 1387 544 l.
1412 513 1472 553 III,
1489 523 1518 546 c.
1533 524 1575 546 22
1597 511 1751 556 (Migne,
1768 514 1855 546 Patr.
1870 513 1940 554 lat„

580 563 708 605 XXIII,
728 573 756 596 c.
775 563 894 608 475).]

635 659 650 678 «
671 637 759 682 *Iam
781 644 890 683 canis
910 642 1160 696 spargebatur
1184 654 1318 697 caput,
1351 644 1389 684 &
1410 644 1640 698 magistrum
1661 644 1795 697 potius
1816 658 1938 697 quam

581 700 816 754 discipulum
845 702 1023 741 decebat.
1063 701 1218 742 Perrexi
1236 713 1368 742 tamen
1389 702 1679 754 Alexandriam,
1707 703 1838 743 audivi
1863 701 1941 742 Di-

580 762 766 812 dymum:
790 761 828 799 in
850 760 986 800 multis
1006 761 1041 799 ei
1057 761 1202 813 gratias
1223 775 1309 814 ago.
1333 760 1460 817 Quod
1483 760 1642 812 nescivi,
1663 761 1808 801 didici:
1830 761 1939 815 quod

582 818 764 870 sciebam,
800 818 868 858 illo
903 820 1087 869 docente,
1116 834 1197 859 non
1229 821 1396 873 perdidi.
1428 819 1626 860 Putabant
1658 835 1723 860 me
1755 819 1940 859 homines

580 876 702 916 finem
742 875 873 917 fecisse
908 878 1094 919 discendi.
1134 879 1239 918 Veni
1275 880 1429 918 rursum
1468 878 1725 936 lerosolymam
1756 878 1794 919 &
1826 877 1939 917 Beth-

581 937 680 976 leem.
707 953 723 972 »

674 1021 707 1062 [8
751 1019 990 1065 Hieronymus,
1018 1019 1152 1064 Epistola
1187 1022 1343 1063 LXXIV,
1371 1023 1418 1054 ad
1446 1021 1687 1054 pammachium
1718 1022 1753 1053 δέ
1781 1023 1942 1054 Oceanum

582 1073 735 1117 (Migne,
753 1074 841 1106 Patr.
860 1072 930 1114 lat„
949 1074 1061 1115 XXII,
1081 1084 1108 1106 c.
1131 1073 1243 1117 745).]

638 1170 652 1189 «
680 1151 831 1208 Quaeso
862 1166 957 1206 ergo
993 1163 1044 1204 te,
1077 1168 1128 1193 ne
1157 1168 1221 1193 me
1255 1164 1366 1193 tanto
1401 1154 1540 1194 itinere
1570 1164 1771 1205 vexatum,
1805 1153 1944 1193 frustra

581 1210 727 1251 venisse
761 1211 930 1264 patiaris.
964 1211 1047 1252 Scit
1088 1213 1194 1251 enim
1230 1212 1451 1263 Dominus,
1484 1214 1592 1266 quod
1632 1213 1719 1266 post
1751 1211 1944 1253 vifionem

582 1269 808 1308 sanctorum
829 1269 1052 1320 Locorum,
1071 1271 1174 1310 hanc
1192 1270 1253 1310 vel
1275 1272 1448 1311 maxime
1469 1271 1625 1311 causam
1645 1272 1764 1311 habui
1787 1282 1830 1311 ut
1849 1284 1943 1311 cum

584 1328 660 1368 tuis
681 1328 824 1368 litteris
844 1327 965 1368 sorori
987 1329 1168 1368 mederer
1189 1343 1234 1369 ac
1256 1332 1382 1369 matri.

677 1411 722 1456 [S.
744 1411 985 1458 Hieronymus,
1002 1411 1138 1456 Epistola
1158 1414 1285 1446 CXVII
1305 1413 1468 1458 (fifflffia),
1497 1415 1545 1446 ad
1563 1421 1700 1446 matrem
1726 1414 1761 1445 ἔθ’
1774 1413 1885 1457 filiam
1912 1413 1945 1445 in

584 1464 698 1498 Gallia
714 1471 938 1498 commorantes
959 1465 1109 1510 (Migne,
1127 1467 1218 1499 Patr.
1239 1465 1313 1507 lat„
1332 1468 1445 1508 XXII,
1463 1477 1490 1500 c.
1513 1479 1530 1508 9
1537 1467 1629 1511 54).]

639 1569 654 1587 «
681 1551 803 1591 Unde
823 1550 917 1604 quia
947 1565 1048 1603 pene
1070 1551 1186 1591 nobis
1220 1551 1317 1591 illud
1352 1553 1400 1591 de
1430 1550 1654 1606 Evangelio
1685 1551 1870 1605 contigit,
1903 1561 1958 1591 ut.

584 1611 728 1650 futurae
769 1610 888 1649 turriS
929 1624 1012 1649 non
1047 1620 1138 1649 ante
1173 1609 1478 1663 supputaremus
1513 1610 1713 1664 expensas,
1748 1607 1944 1663 compulsi

585 1669 717 1708 sumus
738 1669 898 1708 fratrem
920 1667 1199 1708 Paulinianum
1221 1669 1268 1708 ad
1292 1670 1459 1722 patriam
1480 1670 1651 1721 mittere,
1679 1680 1722 1709 ut
1743 1668 1945 1708 semirutas

584 1727 755 1777 villulas,
799 1741 888 1779 quae
923 1727 1182 1767 barbarorum
1227 1728 1452 1781 effugerunt
1485 1742 1626 1768 manus
1660 1728 1698 1769 &
1734 1737 1946 1781 parentum

585 1786 865 1826 communium
896 1786 1032 1826 census
1054 1787 1259 1837 venderet,
1293 1802 1342 1826 ne
1364 1798 1547 1840 coeptum
1567 1787 1792 1827 sandbrum
1812 1786 1948 1826 minis-

587 1846 731 1885 terium
761 1844 998 1895 deserentes,
1030 1844 1148 1884 risum
1179 1845 1384 1886 maledicis
1406 1846 1443 1886 &
1463 1846 1619 1886 aemulis
1641 1846 1903 1899 praebeamus.
1928 1861 1943 1881 ›>

680 1929 724 1970 [S.
744 1929 981 1974 HieronymuS,
1007 1929 1143 1974 Epistola
1164 1931 1286 1972 LXVI,
1315 1930 1363 1962 ad
1380 1929 1632 1970 pammachium,
1665 1941 1694 1962 c.
1718 1941 1758 1969 14
1793 1927 1947 1973 (Migne‚

586 1982 677 2014 Patr.
699 1981 768 2023 lat„
785 1984 912 2022 XXIII,
931 1994 961 2015 c.
984 1983 1093 2026 647).]

642 2080 657 2099 «
682 2062 818 2103 Frater
847 2077 960 2103 meus
982 2062 1240 2103 Paulinianus
1268 2064 1442 2103 necdum
1472 2064 1521 2102 de
1543 2063 1667 2116 patria
1686 2062 1859 2103 reversus
1881 2062 1949 2112 est,

587 2123 624 2163 &
657 2134 755 2176 puto
785 2123 893 2176 quod
924 2136 1018 2162 eum
1039 2122 1222 2175 Aquileiae
1247 2121 1351 2175 apud
1378 2121 1557 2161 sanctum
1578 2135 1722 2175 papam
1744 2121 1946 2162 Chroma-

588 2183 688 2221 tium
709 2182 865 2222 videris.
894 2198 908 2218 ›>

682 2272 727 2316 [S.
750 2272 987 2317 Hieronymus,
1004 2272 1138 2317 Epistola
1156 2274 1314 2314 LXXXI,
1344 2274 1391 2305 ad
1410 2273 1558 2316 Rufinum
1585 2271 1738 2316 (Migne‚
1768 2272 1859 2304 Patr.
1880 2269 1948 2311 lat„

589 2327 699 2367 XXII,
720 2337 747 2358 c.
768 2326 882 2371 735).]

646 2432 660 2450 «
687 2412 870 2452 Fratrem
900 2426 1036 2452 meum
1063 2411 1218 2451 causam
1252 2412 1350 2451 dicit
1384 2409 1459 2450 effe
1489 2410 1708 2461 discordiae,
1740 2409 1950 2449 hominem

590 2473 658 2525 qui
691 2471 857 2526 quiescit
887 2472 925 2510 in
955 2471 1179 2525 monasterij
1209 2470 1366 2520 cellula,
1400 2469 1438 2509 &
1458 2469 1692 2509 clericatum
1712 2482 1794 2508 non
1816 2468 1948 2507 hono-

591 2545 675 2571 rem
706 2532 1001 2584 interpretatur,
1034 2529 1095 2570 sed
1131 2544 1245 2570 onus.
1281 2530 1471 2582 Cumque
1504 2543 1578 2569 nos
1612 2527 1733 2580 usque
1767 2527 1813 2566 ad
1849 2540 1950 2579 prae-

591 2589 740 2630 sentem
761 2590 868 2628 diem
888 2589 980 2629 firsta
1001 2589 1108 2642 pacis
1129 2588 1346 2628 ostensione
1368 2587 1586 2636 lastaverit,
1617 2584 1950 2626 Occidentalium

590 2648 837 2689 sacerdotum
867 2648 1092 2688 commovit
1112 2661 1238 2697 aures,
1273 2647 1410 2686 dicens
1436 2660 1529 2685 eum
1550 2643 1892 2685 adolescentulum
1911 2642 1950 2683 &

593 2723 694 2764 pene
720 2721 889 2762 puerum
921 2707 960 2746 in
996 2707 1170 2761 paroecia
1199 2705 1264 2745 sua
1289 2704 1466 2745 Bethleem
1501 2703 1773 2758 presbyterum
1802 2701 1949 2742 consti-
