2131 3552
532 163 616 226 138
1141 165 1278 227 (417)

521 318 726 358 interdum
755 320 986 359 venientem
1013 322 1061 360 ad
1089 322 1305 362 videndam
1334 322 1577 376 suscipiebat.
1600 321 1687 377 Ipsa
1706 325 1814 364 enim
1835 325 1892 366 illi

521 378 625 417 faeta
661 378 716 418 est
745 380 792 419 ad
824 379 964 419 Deum
997 380 1069 419 iter
1099 381 1310 422 ostendens
1341 380 1379 420 &
1410 382 1449 421 in
1479 382 1667 422 omnibus
1691 382 1773 423 Dei
1804 399 1892 424 earn

520 436 729 489 instruens,
764 438 812 478 ad
834 438 1005 478 multam
1035 439 1312 479 abstinentiam
1341 439 1380 480 &
1400 440 1671 480 humilitatem
1693 443 1891 494 perduxit.
1910 451 1931 481 f.
1947 452 2041 491 250h,
2057 454 2111 482 col.
2130 468 2131 472 =

520 495 631 535 Nam
654 497 692 537 &
713 497 848 549 puella
868 512 945 551 que
975 498 1010 536 ei
1039 498 1283 538 ministrabat
1312 499 1471 539 dicebat
1491 499 1608 539 nobis
1629 501 1723 552 quia
1742 501 1892 542 multo-

521 555 636 605 tiens,
657 570 781 608 quum
805 556 884 594 iam
907 556 944 595 in
968 555 1116 595 Pascha
1135 568 1360 610 exurgeret,
1390 559 1431 597 in
1454 558 1603 608 cilicio,
1623 560 1732 611 quod
1759 560 1890 600 eidem

519 612 650 655 sanffi'te
683 613 1002 654 substernebatur
1031 616 1072 654 in
1101 615 1248 666 cinere,
1283 630 1441 656 vermes
1473 618 1659 657 inmunes
1679 618 1891 660 inveniret.

574 688 590 708 «
618 670 664 710 In
685 672 760 711 hac
778 671 842 711 tali
862 672 1079 713 tolerantia
1099 673 1193 713 fecit
1210 688 1335 714 annos
1357 675 1684 727 quattuordecim
1705 676 1745 716 in
1760 677 1892 718 Hero-

507 730 684 788 solimam
707 730 807 785 (stc),
835 732 874 770 in
895 732 1085 772 omnibus
1107 731 1248 773 sanetis
1270 733 1451 774 moribus
1472 733 1510 773 &
1530 734 1662 774 celesti
1685 736 1893 776 conversa-

521 789 630 828 tione
652 788 901 842 semetipsam
923 804 1126 831 exercens.
1145 791 1331 844 Contigit
1351 802 1484 831 autem
1512 792 1643 832 saneta
1663 805 1791 834 mater
1806 796 1892 836 eius

519 849 692 901 migrare
724 848 771 886 ad
805 847 1048 888 Dominum.
1085 850 1213 890 Cuius
1245 849 1424 890 sanetum
1453 851 1736 903 corpusculum
1767 854 1893 906 depo-

521 920 633 955 nens,
653 905 833 958 sepelivit
854 908 892 946 in
915 908 1051 947 Monte
1073 908 1207 948 sancto
1231 908 1385 959 Oliveti,
1406 909 1444 949 &
1468 909 1549 962 ipsa
1569 910 1717 950 ibidem
1735 926 1893 964 perma-

519 980 632 1015 nens,
663 964 712 1004 de
742 975 876 1005 cetero
899 966 937 1005 in
959 967 1122 1007 civitate
1151 967 1284 1007 noluit
1312 967 1503 1007 habitare.
1525 967 1579 1008 Et
1600 984 1725 1022 quum
1753 970 1792 1010 in
1813 985 1893 1010 una

522 1024 668 1063 cellula
689 1024 857 1064 obscura
876 1026 916 1065 in
939 1026 1066 1066 multa
1082 1026 1317 1066 abstinentia
1333 1026 1556 1067 &lacrimis
1574 1026 1760 1069 Domino
1776 1043 1894 1070 vaca—

520 1093 593 1134 ret,
614 1083 709 1123 fecit
729 1081 798 1123 fibi
819 1083 859 1123 in
882 1085 963 1136 ipso
988 1085 1122 1125 saneto
1138 1096 1278 1125 monte
1294 1085 1579 1125 monasterium
1595 1085 1633 1125 &
1648 1098 1762 1140 rogat
1780 1087 1893 1127 suum

518 1142 684 1182 fratrem
699 1152 743 1182 ut
758 1157 904 1195 paucas
926 1144 959 1183 ei
983 1144 1156 1197 virgines
1173 1155 1450 1198 congregaret.
1473 1144 1738 1186 Conveniunt
1758 1157 1892 1186 autem

520 1202 609 1254 plus
631 1201 764 1240 minus
784 1202 1018 1255 nonaginta,
1047 1217 1144 1256 quas
1174 1203 1288 1242 beata
1317 1202 1385 1242 suo
1410 1203 1625 1243 instruebat
1645 1205 1832 1258 exemplo
1855 1205 1894 1246 &

518 1274 612 1299 cum
628 1260 907 1300 blandimento
925 1261 1131 1312 monebat,
1152 1261 1289 1302 dicens
1306 1276 1357 1302 ne
1373 1261 1523 1301 vellent
1542 1261 1604 1301 vel
1627 1263 1665 1302 in
1684 1264 1892 1304 modicum

515 1319 612 1359 viris
634 1332 824 1371 apparere
852 1329 920 1359 aut
934 1334 985 1359 ne
1006 1319 1139 1373 aliqua
1159 1321 1215 1361 eis
1232 1321 1386 1361 occasio
1403 1321 1634 1374 egrediendi
1656 1321 1892 1363 nasceretur.

516 1375 757 1417 Intrinsecus
788 1377 919 1417 lacurn
946 1377 1029 1418 fieri
1059 1379 1169 1419 iubet
1190 1379 1228 1419 &
1257 1380 1395 1420 omnia
1424 1395 1682 1434 quecumque
1711 1383 1917 1434 corporis'

519 1435 724 1475 necessitas
753 1434 931 1489 exigiffet
959 1437 1040 1489 ipsa
1060 1437 1268 1477 ministrari
1299 1438 1548 1478 abundanter
1580 1439 1704 1488 iubet,
1738 1449 1893 1479 tantum

520 1505 563 1534 ut
584 1506 775 1535 caverent
795 1495 975 1549 aspectus
996 1497 1189 1536 virorum.
1212 1496 1442 1550 Quomodo
1463 1509 1598 1537 autern
1614 1513 1679 1539 eas
1696 1498 1893 1539 instruens

521 1553 569 1592 de
601 1553 746 1594 divinis
774 1554 811 1594 &
841 1555 1106 1606 orationibus,
1132 1555 1447 1608 cogitationibus
1473 1556 1621 1597 diaboli
1644 1557 1892 1610 perturbatas

520 1612 567 1651 ad
602 1613 709 1652 viam
745 1612 918 1652 Domini
950 1614 1180 1665 revocabat,
1218 1629 1300 1653 non
1327 1613 1383 1653 est
1423 1614 1603 1654 nostrum
1642 1615 1791 1667 dicere,
1829 1615 1891 1656 sed
1913 1629 1934 1661 f.
1952 1640 2049 1670 251⁶»
2065 1631 2121 1660 col.

519 1684 660 1710 eorum
689 1672 758 1725 qui
780 1671 971 1724 sapientia
992 1672 1162 1726 pleniori
1182 1671 1338 1713 nostros
1359 1673 1550 1727 erro[re]s
1572 1673 1731 1723 possunt
1755 1689 1893 1714 emen-

520 1729 633 1777 dare3
654 1744 702 1769 ex
724 1741 836 1783 parte
853 1741 988 1770 autem
1008 1732 1177 1771 referam
1201 1730 1289 1784 post
1305 1731 1526 1785 paululum.
1548 1732 1647 1773 Erat
1667 1743 1802 1773 autem
1819 1733 1856 1774 &
1872 1748 1894 1774 a

521 1789 706 1841 turpibus
727 1788 828 1829 locis
849 1789 1050 1830 abstraens
1071 1790 1261 1831 mulieres
1279 1801 1443 1844 propter
1469 1791 1760 1832 emulationem
1780 1791 1895 1832 casti-

520 1847 610 1887 tatis
649 1847 688 1887 δι
726 1847 897 1888 offerens
932 1848 1049 1899 Deo,
1088 1848 1187 1889 illud
1223 1850 1347 1890 sciens
1382 1849 1591 1904 eloquium
1625 1851 1734 1904 quod
1774 1851 1893 1890 dicit:

522 1923 537 1943 «
566 1904 783 1962 Quoniam
804 1907 872 1960 qui
895 1907 1079 1947 eduxerit
1110 1908 1158 1948 de
1188 1909 1411 1961 inpudente
1438 1908 1655 1962 pretiosum
1691 1924 1736 1950 os
1757 1923 1894 1949 meum

522 1983 537 2002 «
563 1966 651 2005 erit.
677 1981 692 2001 »
726 1965 780 2005 Et
801 1966 995 2019 quoniam
1025 1981 1166 2007 omnes
1188 1968 1223 2006 ei
1251 1967 1405 2007 subdite
1426 1966 1502 2007 effe
1523 1967 1893 2019 desiderarent,non

520 2024 730 2078 adquiebit
764 2025 876 2077 prior
906 2023 982 2064 effe
1009 2025 1235 2080 monasterij
1259 2026 1313 2065 sui
1336 2037 1501 2079 propter
1528 2027 1696 2067 multam
1729 2027 1894 2067 humili-

519 2094 657 2134 tatem,
688 2083 742 2123 set
766 2083 902 2123 statuit
934 2083 1053 2123 aliam
1075 2099 1153 2138 que
1175 2098 1240 2124 eas
1261 2096 1418 2138 regeret
1438 2084 1476 2124 &
1496 2085 1575 2138 ipsa
1593 2085 1720 2124 solum
1740 2088 1787 2125 ad
1806 2099 1894 2126 ora-

520 2143 673 2182 tionem
713 2142 751 2183 &
781 2142 971 2196 obsequia
1000 2143 1224 2183 sanctorum
1246 2154 1415 2183 vacaret.
1446 2142 1501 2183 Et
1529 2159 1654 2197 quum
1675 2144 1892 2198 aliquando

519 2200 639 2254 paulo
673 2201 811 2240 durior
841 2200 935 2241 effet
965 2216 1044 2255 que
1073 2202 1130 2242 eis
1161 2202 1358 2255 preposita
1384 2202 1513 2242 fuerat
1541 2213 1680 2255 mater,
1706 2203 1782 2243 hec
1802 2204 1893 2244 bea-

519 2260 673 2310 tiffima,
696 2273 833 2300 amans
855 2259 1021 2311 sorores,
1042 2259 1267 2300 summebat
1286 2275 1364 2314 que
1385 2272 1497 2301 erant
1525 2261 1602 2301 illis
1618 2260 1834 2302 necessaria
1853 2262 1892 2303 &

520 2320 558 2359 in
589 2318 753 2358 occulto
785 2317 946 2372 singulis
977 2333 1133 2372 ponens
1160 2319 1480 2361 subministrabat
1513 2321 1567 2360 ita
1596 2331 1639 2360 ut
1665 2320 1733 2360 ille
1759 2321 1891 2375 ingre-

520 2378 674 2418 dientes
696 2387 877 2430 paratum
900 2377 1140 2428 invenirent,
1161 2379 1368 2432 ignorante
1388 2380 1464 2419 hec
1480 2389 1607 2419 matre
1627 2394 1775 2419 earum.
1796 2380 1891 2420 Vir-

519 2437 630 2490 gines
661 2446 795 2476 autem
825 2451 873 2476 ex
906 2435 1196 2477 consuetudine
1231 2436 1516 2478 intellexerunt
1545 2438 1638 2491 quia
1672 2438 1787 2479 beata
1814 2438 1889 2479 hec

519 2495 686 2544 faceret3
713 2495 753 2534 in
775 2505 934 2535 tantum
956 2506 999 2535 ut
1018 2495 1140 2535 etiarn
1162 2495 1294 2536 Lauso
1315 2496 1490 2547 cuidam,
1517 2496 1701 2550 religioso
1723 2498 1811 2537 viro
1840 2512 1890 2537 ex

521 2553 726 2607 prepositis
755 2553 850 2594 sacri
885 2553 1078 2606 cubiculi,
1107 2554 1296 2595 scriberet
1322 2565 1365 2595 ut
1385 2555 1550 2609 inpenso
1580 2569 1652 2609 pro
1681 2556 1812 2596 meriti
1833 2555 1887 2596 sui

520 2612 655 2652 labore
676 2612 833 2652 iuberet
858 2614 914 2654 eis
944 2613 1057 2654 fieret
1076 2613 1265 2654 valneum
1292 2614 1332 2653 in
1360 2613 1444 2667 ipso
1472 2614 1713 2656 monasterio
1732 2615 1888 2665 Oliveti,

520 2681 565 2711 ut
583 2671 745 2726 quando
766 2685 868 2724 opus
894 2671 1074 2723 aberent,
1093 2686 1176 2712 non
1199 2672 1237 2711 in
1255 2671 1459 2713 civitatem
1483 2672 1567 2727 (stc)
1590 2683 1830 2713 vexarentur
1848 2672 1886 2712 &
