2131 3552
834 192 972 256 (326)
1495 211 1558 259 47

188 349 321 399 ludas,
353 350 498 403 inquit:
530 368 544 384 σ.
582 349 732 389 Audivi
757 360 908 401 patrem
930 362 1065 387 meum
1087 349 1304 398 dicentem,
1339 351 1446 401 quod
1470 350 1557 390 suus

192 426 205 444 «
234 420 372 448 atavus
390 409 455 447 fibi
479 408 631 447 dixerat
647 407 713 446 ubi
731 405 854 446 Iudaei
878 406 1065 446 miserunt
1084 421 1184 446 eam.
1202 423 1215 441 »
1239 406 1329 446 Post
1344 408 1429 447 haec
1446 409 1558 448 dixe-

189 479 279 506 runt
304 468 461 520 reginae,
494 466 601 520 quod
623 465 741 504 ludas
758 465 923 504 dixerat.
942 465 1099 518 Regina
1115 479 1211 504 vero
1232 466 1396 505 retinuit
1417 465 1558 505 Iudam

189 526 226 565 ἃ
248 526 425 579 alligavit
446 538 551 574 eum,
573 524 702 563 donec
726 523 803 576 ipse
825 522 943 563 Iudas
971 525 1101 563 oravit
1131 525 1177 562 ad
1203 523 1354 575 Deum,
1384 524 1421 564 &
1446 525 1560 564 Deus

190 584 381 623 indicavit
402 584 436 622 ei
460 583 525 621 ubi
548 582 680 622 saneta
699 596 797 621 crux
819 594 912 621 erat.
947 581 1155 621 Foderunt
1176 593 1309 621 autem
1332 594 1493 632 terram,
1522 583 1559 622 &

190 643 438 681 invenientes
470 652 546 681 tres
576 655 715 680 cruces
745 640 970 680 nescierunt
999 655 1089 694 quae
1119 638 1212 680 effet
1242 655 1340 680 crux
1374 641 1560 691 Domini,

189 701 249 740 sed
270 711 450 740 mortuus
467 700 621 740 ablatus
650 700 762 752 super
777 713 941 739 crucem
959 700 1159 739 latronum
1177 715 1259 739 non
1278 701 1419 751 movit,
1441 701 1560 740 tertio

187 772 320 799 autem
352 758 463 812 super
499 773 662 798 crucem
696 758 867 798 Domini
904 758 942 798 ἃ
976 759 1132 808 revixit,
1161 759 1199 799 &
1231 760 1283 798 ita
1313 760 1475 798 inventa
1507 759 1561 798 est

188 818 318 858 sancita
343 831 452 857 crux.
484 816 575 857 Post
600 818 686 857 haec
709 818 897 857 foderunt
918 818 957 856 in
980 819 1126 856 eodem
1148 817 1237 856 loco
1260 818 1297 857 &
1320 818 1562 857 invenerunt

187 877 336 926 clavos,
357 891 459 930 quos
476 876 650 916 fixerunt
668 878 705 915 in
725 876 909 916 manibus
927 876 964 916 δέ
982 876 1150 928 pedibus
1169 876 1356 927 Domini,
1377 877 1415 917 δε
1435 892 1559 916 unum

187 950 234 976 ex
257 935 333 976 illis
355 935 465 974 dedit
488 935 646 975 Helena
668 935 950 985 Constantino,
976 949 1098 988 quem
1121 935 1250 988 posuit
1272 936 1309 974 in
1333 936 1446 975 freno
1469 936 1560 989 equi

187 994 255 1044 sui,
285 994 322 1034 δι
356 993 443 1047 post
472 995 558 1034 haec
579 1009 660 1034 non
684 995 757 1034 fuit
788 994 917 1034 vietus
949 994 987 1033 in
1020 993 1139 1033 bello.
1172 994 1313 1033 Postea
1342 995 1563 1047 baptizavit

186 1052 343 1103 ludam,
374 1053 588 1106 imponens
617 1053 684 1093 fibi
714 1067 865 1093 nomen
890 1052 1111 1108 Quiracus,
1145 1054 1182 1093 ἃ
1212 1053 1419 1093 constituit
1447 1053 1563 1092 illum

187 1112 422 1166 episcopum
458 1112 496 1150 in
528 1112 745 1165 Ierusalem,
781 1126 850 1165 per
888 1126 1010 1165 quem
1043 1111 1250 1152 Dominus
1286 1113 1472 1166 dignatus
1508 1113 1564 1153 est

189 1171 317 1211 multa
337 1171 468 1210 facere
490 1171 693 1211 miracula.
720 1188 734 1206 »

283 1237 388 1282 [Beda
409 1239 506 1279 Ven.,
525 1237 794 1280 Homil.subdit.,
807 1239 924 1271 XCIII
945 1237 1093 1281 (Migne,
1108 1239 1197 1271 Patr.
1211 1237 1282 1279 lat„
1295 1240 1419 1280 XCIV,
1434 1250 1460 1272 c.
1473 1251 1558 1281 494-

187 1291 298 1335 495>·]

245 1382 258 1399 ‹<
287 1362 426 1418 [taque
450 1364 638 1418 [Helena]
662 1378 756 1403 curn
779 1364 929 1417 ingenti
953 1363 1212 1403 multitudine
1237 1363 1274 1403 &
1295 1364 1403 1418 regia
1431 1365 1560 1404 ambi-

189 1422 298 1462 tione
332 1422 631 1477 Hierosolymam
668 1423 814 1476 pergit,
857 1423 894 1462 &
930 1423 1154 1475 ingreditur
1189 1422 1331 1461 urbem
1365 1437 1448 1462 non
1486 1423 1562 1462 iam

188 1480 324 1521 [udaea
353 1481 413 1521 sed
446 1474 686 1532 Christiana,
720 1483 756 1522 ἃ
785 1482 911 1534 coepit
933 1495 1111 1534 quaerere
1133 1482 1268 1521 animo
1299 1481 1403 1521 virili
1427 1482 1464 1522 &
1486 1483 1563 1522 fer-

188 1541 412 1580 ventiffirno
431 1540 521 1580 zelo
539 1541 694 1594 lignum
712 1541 855 1580 san<5³cae
876 1542 1017 1581 crucis.
1033 1540 1161 1596 Quod
1181 1540 1272 1579 ideo
1290 1542 1337 1580 ad
1356 1541 1564 1581 invenien-

189 1601 286 1639 dum
316 1599 432 1639 valde
460 1600 620 1639 difficile
652 1611 747 1651 erat,
773 1601 879 1654 quia,
901 1610 944 1639 ut
964 1599 1215 1653 Ecclefiastica
1235 1611 1370 1639 narrat
1400 1600 1566 1656 hssoria,

189 1658 237 1697 ab
260 1658 382 1698 Helio
412 1659 595 1698 Adriano
618 1661 664 1698 ad
688 1659 980 1713 suggestionem
1003 1657 1243 1710 pontificum
1272 1656 1502 1699 Iudaeorum
1526 1661 1563 1699 in

190 1732 238 1756 eo
262 1717 354 1757 loco
378 1717 576 1770 templum
598 1718 750 1757 Veneri
774 1718 899 1757 fuerat
920 1717 1210 1757 constru&um.
1243 1717 1331 1774 Qui
1355 1717 1566 1770 pontifices

191 1777 281 1816 ideo
316 1778 394 1816 hoc
423 1777 616 1826 fecerunt,
651 1792 693 1816 ut
719 1776 977 1816 aemulatione
1008 1776 1131 1816 livida
1163 1776 1353 1817 tollerent
1380 1776 1566 1817 fidelibus

191 1835 342 1886 locum,
370 1850 420 1875 ne
453 1836 505 1875 ibi
529 1834 683 1888 poffent
705 1836 867 1877 Christo
888 1836 1048 1875 fle&ere
1068 1850 1212 1889 genua,
1237 1836 1303 1876 ubi
1335 1836 1567 1889 prostibulae

191 1894 369 1935 mulieris
399 1905 484 1934 erat
522 1892 809 1934 fimulachrum
844 1895 1018 1934 affixum.
1059 1895 1134 1935 Sed
1170 1896 1307 1948 regina
1333 1895 1567 1945 fidelissima,

191 1953 369 1993 funditus
401 1953 536 1993 everso
567 1953 721 2006 templo
753 1954 898 2006 pariter
926 1953 964 1993 δε
995 1953 1104 1993 idolo
1138 1965 1379 2004 memorato,
1413 1954 1567 1993 invenit

191 2023 271 2053 tres
301 2026 454 2062 cruces,
490 2011 662 2051 Domini
695 2013 841 2065 pariter
875 2013 913 2053 δι
947 2012 1163 2052 latronum.
1199 2012 1267 2053 De
1293 2014 1438 2066 quibus
1471 2027 1565 2052 cum

192 2081 280 2111 orta
310 2069 439 2110 fuiffet
468 2068 676 2121 haefitatio,
706 2085 799 2110 cum
830 2071 959 2125 qualis
994 2072 1087 2111 effet
1107 2085 1207 2110 crux
1230 2071 1453 2111 Dominica
1475 2084 1566 2125 pro-

192 2131 275 2183 prie
316 2129 552 2180 nesciretur,
594 2130 703 2169 iuxta
741 2131 1015 2170 narrationem
1048 2130 1247 2183 praedietae
1282 2130 1464 2186 hssoriae,
1506 2131 1567 2169 vir

192 2188 430 2229 venerabilis
451 2188 787 2246 Hierosolimorum
814 2200 910 2228 tunc
933 2190 1127 2241 temporis
1150 2188 1308 2229 antistes
1330 2189 1566 2229 Macharius

193 2248 308 2288 solvit
328 2248 432 2287 hanc
453 2247 762 2287 dubitationem.
799 2246 928 2304 Quod
951 2248 1018 2302 qui
1042 2249 1199 2300 plenius
1220 2245 1329 2287 noffe
1360 2245 1567 2297 defiderat,

194 2306 369 2346 eiusdem
404 2306 563 2361 historice
607 2305 754 2345 librum
796 2307 1002 2346 decimum
1037 2306 1152 2360 legat.
1196 2306 1269 2346 Sed
1306 2320 1389 2346 non
1424 2307 1492 2347 abs
1526 2320 1568 2346 re

195 2366 481 2415 iudicavimus,
521 2365 546 2404 fi
589 2364 628 2404 &
663 2365 837 2405 breviter
877 2366 1064 2405 eamdem
1102 2365 1168 2405 hic
1203 2366 1403 2405 rationem
1438 2365 1568 2419 prose-

194 2438 378 2478 quamur.

251 2500 266 2520 «
292 2482 355 2522 Eo
378 2494 564 2536 ternpore
585 2492 668 2522 erat
690 2482 742 2522 ibi
765 2483 886 2522 vidua
918 2484 1085 2522 nomine
1114 2483 1302 2533 Libania,
1337 2497 1427 2535 quae
1459 2483 1568 2536 prius

195 2544 322 2582 fuerat
350 2540 504 2590 Iudaea3
539 2541 600 2580 sed
632 2541 824 2581 defuneto
855 2542 941 2581 viro
973 2541 1055 2592 suo,
1088 2540 1256 2592 Isachar,
1286 2541 1426 2581 reneca
1455 2541 1567 2595 syna-

195 2615 310 2655 gogae
341 2599 517 2653 perfidia,
551 2599 728 2639 contulit
757 2599 792 2639 se
822 2600 869 2640 ad
906 2599 1127 2640 Ecclefiam
1163 2599 1325 2641 Christi.
1361 2600 1462 2640 Haec
1496 2599 1567 2639 illo

197 2673 380 2712 tempore
411 2658 614 2698 subitanea
643 2670 774 2698 morte
809 2669 1025 2712 praeventa,
1055 2658 1242 2712 supremo
1272 2658 1369 2699 flatu
1391 2659 1568 2712 pastoris

197 2719 251 2758 sui
279 2728 504 2758 extremum
535 2717 715 2757 trahebat
744 2717 944 2770 spiritum:
979 2718 1151 2758 habebat
1180 2727 1316 2758 autem
1345 2731 1565 2759 moerorem
