2131 3552
586 191 649 257 48
1203 193 1341 258 (326)

588 351 637 391 de
658 351 766 393 istius
794 352 909 391 obitu
930 351 1063 391 omnis
1084 349 1262 401 ecclesia,
1296 349 1335 390 &
1361 360 1444 390 erat
1472 350 1521 389 de
1549 348 1794 388 haefitatione
1826 351 1958 391 crucis

588 409 824 451 Dominicae
853 410 1011 450 infinita
1031 410 1198 449 tristitia.
1229 407 1341 449 Inter
1362 419 1573 460 utramque
1593 407 1959 449 consternationem

587 467 737 522 pofitus
758 470 818 509 vir
838 469 918 510 Dei
941 468 1192 518 Macharius,
1212 468 1389 507 eiusdem
1406 466 1581 506 civitatis
1598 464 1771 516 antistes,
1790 467 1958 520 cupiens

586 527 623 568 &
653 528 884 569 moestitiam
916 526 1056 580 populi
1087 525 1125 565 &
1146 525 1460 565 sollicitudinem
1485 524 1632 577 reginae
1657 524 1825 576 auferre,
1857 525 1959 566 iussit

587 597 747 639 portare
781 587 1004 640 grabatum,
1048 586 1087 624 in
1122 599 1203 637 quo
1239 583 1413 624 Libania
1447 582 1727 623 decumbebat.
1767 583 1959 638 Cumque

586 645 682 685 illuc
703 644 833 685 suiffet
853 659 1002 698 corpus
1023 642 1257 693 adduehim,
1277 641 1470 695 expandit
1491 640 1701 694 episcopus
1719 641 1958 684 Macharius

586 718 727 744 manus
748 704 831 744 suas
852 704 900 744 ad
921 703 1073 744 coelum
1094 701 1132 741 &
1154 702 1272 741 dixit:
1300 718 1315 737 ‹<
1336 701 1422 751 Tu,
1453 700 1714 753 omnipotens
1739 700 1869 752 Deus,
1889 703 1958 756 qui

587 780 602 800 «
626 776 694 816 per
714 763 968 816 unigenitum
989 761 1138 801 Filium
1161 772 1274 800 tuum
1310 759 1475 798 salutem
1509 759 1646 811 generi
1679 760 1858 800 humano
1889 776 1960 814 per

587 838 603 858 «
625 822 841 875 passionem
862 821 991 861 crucis
1014 820 1099 860 eius
1115 820 1296 859 conferre
1315 819 1501 872 dignatus
1518 833 1573 869 es,
1593 818 1631 858 δε
1647 834 1756 859 nunc
1772 820 1813 859 in
1828 819 1960 860 novis-

588 898 603 917 «
623 881 729 921 simis
747 880 999 933 temporibus
1017 878 1189 932 aspirasti
1206 879 1247 917 in
1266 877 1388 917 corde
1405 876 1563 917 ancillae
1580 888 1658 917 tuae
1679 877 1849 918 Helenae
1867 893 1959 932 per-

587 958 602 976 «
625 939 786 993 quirere
800 938 956 992 lignum
967 938 1144 987 beatum,
1161 938 1201 976 in
1215 951 1296 990 quo
1310 935 1410 976 salus
1424 935 1560 975 nostra
1571 937 1776 989 pependit,
1793 936 1960 977 ostende

586 1015 602 1035 «
623 1012 731 1038 nunc
749 998 957 1037 evidenter
973 1011 1021 1036 ex
1037 996 1098 1035 his
1117 996 1255 1046 tribus,
1272 1010 1363 1048 quae
1377 1009 1475 1034 crux
1493 995 1613 1034 fuerit
1630 994 1677 1034 ad
1694 994 1960 1036 Dominicam

586 1074 601 1094 «
622 1057 807 1110 gloriam,
840 1056 902 1095 vel
934 1070 1024 1109 quae
1045 1055 1250 1094 extiterint
1280 1054 1327 1093 ad
1351 1053 1488 1093 servile
1510 1052 1766 1106 supplicium,
1800 1065 1844 1094 ut
1872 1055 1960 1094 haec

586 1133 601 1153 <z
624 1116 769 1155 mulier
790 1130 880 1169 quae
904 1115 1093 1154 semiviva
1112 1113 1333 1163 decumbit,
1352 1112 1483 1152 statim
1505 1122 1548 1151 ut
1569 1126 1658 1152 eam
1679 1111 1836 1166 lignum
1857 1112 1959 1153 salu-

586 1191 600 1211 «
624 1185 707 1214 tare
724 1174 953 1227 contigerit,
969 1187 991 1211 a
1007 1172 1147 1212 mortis
1167 1172 1294 1212 ianuis
1310 1182 1523 1211 revocetur
1539 1172 1586 1211 ad
1605 1171 1741 1210 vitam.
1760 1187 1774 1207 »
1794 1170 1849 1211 Et
1864 1184 1957 1210 cum

584 1234 663 1272 hoc
685 1232 852 1282 dixisset,
873 1232 1057 1272 adhibuit
1074 1231 1206 1283 primo
1223 1245 1345 1270 unam
1367 1245 1414 1270 ex
1437 1230 1577 1280 tribus,
1598 1229 1637 1270 &
1653 1229 1756 1270 nihil
1772 1229 1960 1283 perfecit3

583 1292 766 1332 adhibuit
801 1290 1028 1340 secundam,
1064 1289 1102 1329 &
1135 1303 1210 1328 nec
1245 1287 1296 1328 fic
1331 1289 1497 1342 quidem
1533 1288 1684 1342 aliquid
1721 1289 1857 1328 aetum
1890 1287 1958 1328 est.

583 1351 643 1390 Ut
662 1364 757 1390 vero
779 1349 962 1389 admovit
983 1352 1157 1398 tertiam,
1187 1358 1353 1400 repente
1374 1348 1523 1401 apertis
1545 1347 1674 1387 oculis
1694 1347 1840 1387 mulier
1858 1362 1959 1387 con-

582 1409 763 1459 surrexit,
794 1408 832 1448 &
852 1407 1063 1448 stabilitate
1084 1407 1231 1446 virium
1263 1417 1439 1460 recepta,
1469 1407 1639 1447 alacrior
1661 1406 1806 1457 multo,
1838 1420 1959 1461 quam

582 1482 677 1508 curn
694 1467 785 1507 sana
800 1468 942 1517 fuerat,
963 1477 1046 1506 tota
1063 1466 1188 1504 domo
1205 1465 1424 1505 discurrere
1446 1465 1483 1505 &
1505 1464 1765 1519 magnificare
1783 1465 1959 1506 Domini

583 1527 809 1580 potentiam
830 1526 967 1578 coepit.
1007 1525 1071 1564 Sic
1093 1525 1270 1563 evidenti
1304 1525 1455 1564 indicio
1487 1525 1637 1578 regina,
1675 1525 1759 1564 voti
1789 1538 1960 1578 compos

581 1585 740 1636 effe&a,
762 1584 962 1637 templum
982 1582 1199 1622 mirificum
1221 1583 1260 1621 in
1283 1598 1330 1622 eo
1353 1582 1460 1633 loco,
1494 1584 1534 1622 in
1557 1599 1638 1637 quo
1660 1597 1823 1623 crucem
1844 1597 1966 1636 repe<

583 1655 704 1695 rerat,
721 1644 831 1697 regia
847 1643 1068 1682 ambitione
1085 1641 1318 1681 construxit.
1337 1641 1489 1683 Clavos
1505 1657 1683 1696 quoque,
1705 1643 1851 1696 quibus
1868 1656 1960 1681 cor-

583 1718 656 1756 pus
679 1702 852 1743 Domini
889 1702 1016 1741 fuerat
1037 1702 1216 1751 affixum,
1251 1712 1385 1753 portat
1405 1702 1452 1740 ad
1474 1700 1617 1752 filium,
1647 1716 1694 1741 ex
1725 1701 1871 1755 quibus
1892 1700 1960 1740 ille

582 1763 718 1802 frenos
759 1760 999 1813 composuit,
1033 1759 1179 1813 quibus
1215 1770 1392 1799 uteretur
1426 1761 1472 1799 ad
1514 1759 1679 1811 bellum,
1716 1759 1755 1800 &
1790 1775 1839 1800 ex
1873 1759 1959 1799 aliis

583 1820 740 1875 galeam
761 1819 1027 1860 nihilominus
1058 1817 1151 1858 belli
1175 1815 1306 1857 usibus
1330 1829 1464 1871 aptam
1486 1820 1609 1858 fertur
1629 1817 1805 1859 armasse.
1836 1818 1957 1872 Ligni

583 1893 681 1920 vero
716 1879 833 1932 ipsius
860 1877 1035 1917 salutaris
1058 1888 1213 1930 partem
1236 1877 1379 1917 detulit
1399 1877 1505 1927 filio;
1535 1888 1690 1931 partem
1713 1893 1810 1918 vero
1832 1877 1960 1918 thecis

582 1938 787 1992 argenteis
808 1937 1016 1976 conditam
1039 1935 1255 1989 dereliquit
1285 1937 1324 1975 in
1361 1935 1467 1986 loco,
1504 1952 1593 1989 quae
1623 1937 1743 1976 etiarn
1773 1950 1882 1976 nunc
1910 1936 1957 1975 ad

583 1997 825 2037 memoriam
848 1995 1017 2035 sollicita
1038 1995 1295 2034 veneratione
1317 1994 1531 2035 servantur.
1552 2012 1567 2031 »

677 2068 899 2113 [Altinannus
921 2067 1185 2108 Altivillarenfis,
1207 2066 1324 2109 Vitas.
1346 2067 1488 2109 Helena»,
1506 2079 1536 2100 c.
1561 2069 1605 2110 11,
1622 2080 1652 2101 n.
1673 2071 1778 2102 26-28
1802 2069 1887 2110 (AA.
1908 2068 1959 2100 SS.

582 2122 680 2165 Ball„
701 2123 800 2166 Aug.
822 2122 885 2162 ΙΙΙ,
905 2120 1014 2164 580).]

636 2219 651 2239 <z
677 2200 850 2254 Legistis
875 2210 1009 2239 tamen
1031 2200 1140 2252 quod
1163 2198 1297 2238 saneta
1317 2199 1476 2238 Helena
1503 2213 1667 2239 crucem
1691 2198 1957 2239 Dominicam

581 2275 651 2314 per
674 2260 854 2299 medium
876 2259 996 2298 secari
1019 2258 1127 2308 fecit,
1148 2257 1186 2297 &
1207 2272 1370 2297 crucem
1389 2258 1734 2312 Constantinopolim
1756 2258 1803 2297 ad
1828 2257 1957 2297 filium

582 2319 740 2370 detulit,
759 2331 1007 2370 crucemque
1029 2317 1296 2374 Hierosolymis
1317 2316 1492 2370 reliquit.
1519 2334 1535 2353 >›

675 2390 858 2435 [Ansellus,
887 2398 1005 2422 cantor
1034 2389 1057 2422 s.
1091 2389 1248 2433 Sepulcri,
1279 2389 1415 2433 Epzstola
1441 2391 1488 2422 ad
1516 2389 1675 2432 ccclefiam
1701 2388 1910 2433 Purffiensem
1928 2401 1957 2422 a.

584 2447 669 2477 1108
690 2444 841 2488 (Migne,
859 2444 949 2476 Patr.
970 2442 1040 2484 lat„
1061 2443 1201 2484 CLXII,
1219 2453 1249 2475 e.
1275 2442 1392 2487 731).]

636 2541 650 2560 «
669 2522 797 2576 Igitur
813 2536 908 2562 cum
926 2536 996 2574 per
1013 2535 1204 2561 arcanum
1222 2521 1397 2575 antiquae
1414 2521 1653 2561 Divinitatis
1669 2520 1956 2571 archisterium,

580 2581 873 2624 Constantinus
908 2581 1128 2634 imperator
1150 2580 1383 2620 Romanum
1406 2581 1613 2634 quondam
1636 2579 1793 2620 rexisset
1828 2580 1956 2633 impe-

580 2643 699 2692 rium,
733 2642 785 2680 ob
821 2639 914 2680 fidei
947 2640 1077 2680 semen
1109 2640 1183 2679 hac
1215 2639 1251 2679 &
1284 2639 1374 2679 illac
1409 2640 1559 2693 ubique
1595 2639 1871 2692 spargendum,
1906 2638 1954 2678 de

579 2712 698 2756 gente
732 2701 771 2740 in
804 2710 982 2754 gentem,
1016 2699 1053 2739 &
1084 2700 1134 2738 de
1166 2712 1289 2752 regno
1322 2698 1495 2739 transivit
1527 2699 1567 2738 in
1595 2712 1763 2751 regnum
1785 2696 1955 2751 (Psalm.,
