2131 3552
0 708 90 738 25211,
108 699 163 728 col.
179 708 196 728 2

0 1582 91 1623 252b‚
107 1583 162 1612 col.
181 1591 194 1612 1

831 243 968 303 (417)
1492 253 1574 305 ¹39

215 410 340 448 quum
363 395 447 450 (stc)
469 396 699 435 hominibus
725 395 915 448 loquendi
939 395 1113 435 facerent
1140 395 1482 436 consuetudinem.
1508 397 1577 438 Est

215 456 322 493 enim
345 453 454 493 mille
476 453 654 507 passuum
676 454 899 506 longitudo.
923 452 1112 494 Docebat
1132 455 1239 494 enim
1262 469 1326 494 eas
1351 455 1504 508 semper
1528 457 1576 495 de

215 512 427 552 virtutibus
449 512 486 552 &
509 512 736 552 obedientia
740 542 799 551 .....
828 528 840 546 ›:›

450 600 523 644 [Hic
538 600 602 644 piis
620 600 772 644 virgines
793 601 943 634 Melania
960 601 1238 635 exhortationibus
1247 600 1373 643 fovet]

273 711 286 729 «
309 692 507 746 Regulam
525 706 618 730 vero
634 692 843 732 noemmis
860 694 1111 746 temporibus
1128 692 1265 746 ha[n]c
1284 693 1515 743 instituerat,
1536 704 1579 733 ut

217 750 295 791 sine
317 750 601 790 intermistione
633 750 892 803 conpleretur
919 751 1176 804 responsuria,
1209 762 1288 791 tres
1319 751 1510 791 leffiones
1540 752 1578 791 &

216 824 308 850 cum
331 809 514 848 matutini
536 808 690 859 fierent,
711 810 943 863 quindecim
965 811 1154 849 antifone.
1180 810 1341 849 Deinde
1363 811 1439 849 diei
1462 812 1579 850 tertia

216 882 330 908 orare
365 867 532 906 omnino
554 868 647 920 quia
667 869 706 906 in
740 867 819 920 ipsa
838 871 938 907 hora
966 868 1134 921 Spiritus
1166 868 1333 908 Sancffi'ms
1363 868 1579 909 descendit.

216 926 269 966 Et
291 926 394 966 sexta
415 927 605 979 precipue
638 927 732 980 quia
749 927 786 965 in
807 926 886 979 ipsa
901 927 1002 966 hora
1017 926 1146 967 fidelis
1163 927 1397 967 Abrahaam
1414 927 1580 980 suscepit

215 984 390 1038 angelos.
419 985 544 1024 Nona
564 999 659 1024 vero
692 986 785 1039 quia
814 985 851 1024 in
875 986 953 1039 ipsa
973 985 1139 1025 claudus
1165 985 1277 1025 sanus
1298 985 1462 1025 effectus
1484 986 1538 1026 est
1559 1000 1581 1025 a

215 1043 354 1083 sanetis
383 1043 571 1096 apostolis
601 1044 639 1083 δε
666 1045 788 1083 etiam
817 1045 877 1084 vir
908 1043 1193 1084 desideriorum
1219 1043 1370 1083 Daniel
1402 1045 1479 1083 iam
1502 1046 1580 1097 pri-

217 1102 308 1142 dem
330 1102 480 1141 docens
502 1102 575 1141 tria
597 1113 778 1154 tempora
809 1117 878 1155 per
899 1103 1007 1142 diem
1028 1104 1178 1142 orabat.
1210 1103 1458 1143 Lucernaria
1483 1117 1580 1142 vero

215 1159 507 1213 consequenter
527 1161 621 1213 quia
652 1161 737 1213 post
766 1161 1114 1201 Resprrefifionem
1146 1176 1167 1201 a
1200 1163 1370 1201 mortuis
1400 1161 1581 1202 Christus

216 1219 418 1272 profe&us
439 1233 533 1258 cum
554 1218 686 1258 saneto
710 1219 868 1272 Cleopa
888 1220 996 1260 circa
1022 1219 1111 1260 solis
1137 1221 1321 1260 occasum
1344 1221 1377 1259 se
1400 1220 1581 1259 manifes-

215 1278 324 1317 tabat
353 1277 391 1317 &
421 1276 626 1317 Dominus
661 1278 813 1317 mistice
844 1278 981 1319 dicens
1009 1280 1048 1318 in
1080 1279 1220 1319 sanffls
1252 1279 1468 1332 evangeliis
1502 1279 1581 1318 hoc

215 1335 526 1386 demonstrabat,
555 1338 765 1389 quomodo
799 1338 935 1378 exiens
968 1338 1252 1391 paterfamilias
1274 1338 1405 1377 locare
1437 1352 1581 1390 opera-

215 1395 310 1445 rios,
330 1395 370 1433 in
391 1395 550 1433 vineam
572 1394 692 1445 suam,
719 1397 827 1435 circa
847 1396 990 1436 horam
1012 1398 1184 1448 tertiam,
1209 1397 1356 1436 sextam
1375 1396 1413 1436 &
1433 1410 1581 1436 nonam

216 1453 254 1493 &
271 1454 379 1493 circa
395 1452 651 1492 undecimam
668 1468 736 1494 eos
754 1466 965 1495 convocat.
980 1456 1072 1495 Hoc
1089 1457 1208 1495 etiarn
1227 1456 1386 1495 sabbato
1402 1455 1439 1495 &
1452 1455 1583 1493 domi-

215 1511 359 1551 nico&
375 1512 415 1551 in
427 1512 567 1552 diebus
583 1513 685 1553 festis
707 1513 901 1553 celebrari
925 1515 1117 1554 monebat
1138 1514 1297 1554 dicens:
1324 1532 1337 1549 «
1361 1514 1397 1554 Si
1418 1529 1488 1567 per
1509 1514 1583 1553 sm-

219 1589 232 1607 «
257 1570 373 1624 gulos
401 1571 484 1611 dies
515 1572 645 1610 oratio
679 1572 784 1611 bona
813 1572 881 1622 est,
910 1573 1039 1612 multo
1067 1574 1192 1626 magis
1214 1574 1253 1612 in
1276 1572 1583 1612 Resurrecffione

219 1647 232 1666 «
260 1629 433 1669 Domini
454 1629 573 1669 nostri
600 1631 729 1670 oratio
751 1631 963 1670 neceffaria
993 1632 1060 1682 est,
1095 1633 1189 1684 quia
1217 1631 1371 1671 facilius
1403 1632 1442 1671 in
1469 1631 1583 1670 exul-

219 1705 232 1723 «
260 1688 410 1727 tatione
441 1689 677 1743 angelorum
707 1689 744 1729 &
778 1689 1005 1730 san&orum
1040 1704 1178 1743 preces
1206 1691 1434 1729 orationum
1463 1704 1584 1730 exau-

219 1762 233 1780 «
260 1745 436 1787 diuntur.
461 1764 476 1783 2>

271 1822 285 1841 «
321 1805 360 1845 Si
382 1818 516 1846 autem
539 1807 577 1847 &
597 1807 814 1861 aliquando
836 1806 1064 1861 contigisset
1084 1822 1149 1847 eas
1175 1808 1302 1847 nimio
1325 1807 1462 1847 labore
1484 1808 1586 1861 vigi-

214 1864 359 1905 liarum
387 1866 462 1906 effe
489 1868 668 1921 fatigatas
691 1867 728 1906 &
750 1867 823 1906 hec
841 1867 1055 1906 beatiffima
1076 1867 1232 1906 miserta
1250 1881 1388 1906 earum
1410 1867 1585 1921 aliquam

215 1925 398 1977 requiem
431 1926 486 1965 eis
517 1925 756 1979 indulgeret,
788 1925 867 1977 ipse
898 1925 1031 1978 puelle
1067 1937 1233 1978 propter
1267 1925 1461 1965 salubrem
1502 1927 1585 1966 eius

216 1983 441 2022 doetrinam
462 1984 499 2024 δε
520 1985 687 2023 nimiam
708 1985 884 2024 caritatis
906 1984 1299 2037 mansuetudine[m],
1321 1999 1443 2038 quarn
1464 1985 1502 2023 in
1521 1999 1586 2024 eas

216 2041 461 2093 ostendebat,
481 2057 564 2082 non
585 2043 653 2082 fibi
682 2043 901 2096 parcebant
921 2042 1100 2083 dicentes
1123 2043 1180 2082 ei:
1215 2060 1230 2079 «
1257 2043 1295 2082 Si
1320 2043 1397 2096 ipsa
1425 2058 1519 2082 cum
1541 2041 1586 2082 fis

219 2118 233 2136 «
260 2112 386 2140 mater
405 2101 538 2141 nostra
557 2101 594 2141 &
616 2102 780 2141 domina
799 2116 880 2140 non
908 2101 1200 2155 preter[mittis]
1225 2103 1341 2141 nobis
1362 2102 1586 2154 corporalia

220 2176 234 2195 «
260 2158 498 2210 ministrare,
523 2160 561 2200 &
587 2175 661 2200 nos
683 2174 806 2213 quare
826 2175 906 2199 non
930 2161 1055 2214 magis
1083 2160 1177 2200 Deo
1209 2161 1247 2200 δε
1277 2161 1354 2200 tuis
1386 2162 1586 2213 preceptis

220 2236 234 2255 «
261 2219 588 2271 obtemperemus
603 2237 617 2255 »
631 2219 643 2258 ?
657 2219 711 2259 Et
723 2219 837 2258 beata
848 2219 922 2258 hec
937 2220 1101 2259 audiens
1119 2220 1400 2272 congaudebat
1412 2220 1481 2270 eis,
1494 2220 1588 2273 quia

217 2279 257 2317 in
291 2292 405 2317 aures
438 2279 689 2318 audientium
719 2277 757 2317 &
791 2277 1112 2331 intellegentium
1137 2278 1392 2331 loquebatur.
1429 2277 1588 2317 Hedifi-

217 2337 323 2376 cavit
343 2347 475 2376 autem
498 2338 554 2376 eis
581 2338 802 2376 oratorium
833 2337 871 2376 in
900 2336 1142 2376 monasterio
1174 2336 1211 2376 &
1232 2336 1367 2377 statuit
1387 2337 1439 2376 ibi
1465 2337 1588 2376 altare

218 2406 262 2435 ut
290 2395 436 2434 divinis
465 2395 646 2435 misteriis
676 2397 912 2435 fruerentur.
948 2395 1141 2449 Exceptis
1171 2396 1279 2435 enim
1310 2396 1449 2435 diebus
1484 2395 1588 2435 festis

218 2453 524 2494 celebraverunt
541 2455 597 2494 eis
613 2468 692 2493 una
712 2454 863 2494 oblatio
883 2454 968 2509 (fic)
984 2455 1047 2494 die
1066 2454 1269 2504 Paffionis,
1286 2455 1394 2508 quod
1413 2454 1468 2494 est
1483 2453 1589 2494 sexta

218 2513 329 2563 feria,
363 2512 400 2552 &
430 2527 508 2552 una
529 2512 658 2552 san&e
681 2513 1010 2553 Resurreffionis.
1044 2512 1178 2553 Posuit
1204 2528 1300 2553 vero
1323 2514 1376 2552 ibi
1400 2513 1588 2566 reliquias

219 2571 445 2611 sanetorum
479 2573 674 2612 Zaccarie
705 2573 901 2625 prophete
933 2572 971 2611 &
1001 2572 1190 2625 Stephani
1227 2573 1520 2625 protomartiris
1551 2571 1588 2611 &

220 2630 448 2669 san&orum
488 2630 784 2686 Quadraginta,
819 2646 897 2684 que
931 2631 1017 2670 sunt
1051 2631 1222 2671 Sebastie
1253 2631 1290 2671 &
1324 2631 1588 2685 reliquorum,

221 2703 396 2743 quorum
417 2691 583 2729 nomina
604 2689 771 2743 longum
793 2690 847 2729 est
867 2690 1037 2729 edicere.

277 2763 294 2787 «
325 2747 516 2788 Faciebat
541 2760 676 2788 autem
705 2759 749 2788 ut
779 2749 819 2788 in
847 2748 910 2788 die
939 2748 1116 2802 legerent
1146 2758 1224 2788 tres
1246 2748 1453 2799 lectiones,
1474 2748 1527 2787 ita
1548 2759 1589 2787 ut
