2131 3552
599 215 683 245 100
989 264 993 269 ⁵
1204 193 1344 255 (400)

746 352 832 393 Iam
852 352 1052 392 vocabant
1070 351 1255 391 homines
1275 349 1484 389 hominem
1504 348 1681 397 beatum,

804 412 945 469 Quem
966 411 1102 450 divina
1120 411 1306 449 viderant
1325 422 1427 448 voce
1448 405 1683 456 revelatum,

806 470 881 512 Sed
902 470 1091 509 mirantes
1112 468 1286 508 maxime
1307 481 1430 521 quare
1451 476 1532 506 tarn
1554 465 1768 518 privatum,

808 529 896 585 Qui
918 538 999 568 tam
1020 528 1140 581 digne
1161 526 1366 566 scanderet
1384 525 1486 565 celsa
1507 524 1760 578 dignitatum.

750 589 917 630 Sanctus
938 596 1072 626 autem
1092 585 1225 638 clipeo
1249 584 1343 624 fidei
1365 584 1543 624 munitus

802 647 965 687 Tamen
987 644 1042 684 est
1061 645 1101 683 in
1123 643 1258 697 aliquo
1280 641 1387 696 quafi
1408 644 1488 681 iam
1509 643 1687 695 punitus,

812 706 873 745 Ut
892 704 961 757 qui
980 702 1121 742 volens
1141 711 1307 741 venerat
1327 701 1483 754 fugeret
1504 700 1665 751 invitus,

806 764 874 805 Ne
894 761 1071 802 molliret
1090 760 1272 800 animum
1292 759 1419 808 laudis
1439 759 1653 812 appetitus.

751 823 839 863 lam
860 823 909 862 de
929 823 1023 875 fuga
1042 820 1198 873 fugiens
1218 832 1363 858 navem
1383 817 1443 858 bis
1464 817 1653 870 ascendit,

805 881 905 921 Inde
926 880 1159 930 Laodiciam,
1180 877 1325 917 deinde
1352 875 1519 934 Tarsum
1540 877 1688 917 tendit:

806 940 880 981 Sed
904 937 1141 979 incumbens
1162 935 1298 991 aquilo
1320 935 1407 976 vela
1427 937 1691 989 deprehendit

808 999 862 1039 Et
881 999 921 1038 in
943 1007 1081 1050 portus
1102 996 1230 1036 Latios
1250 1009 1368 1049 agere
1389 995 1613 1035 contendit.

758 1059 871 1099 Urbe
892 1055 1035 1110 procul
1056 1055 1190 1108 agnita
1210 1053 1422 1108 patriisque
1443 1055 1586 1105 muris,

810 1118 956 1158 Secum
977 1114 1103 1167 coepit
1124 1127 1241 1166 agere
1261 1111 1388 1152 multa
1408 1112 1456 1151 de
1477 1113 1620 1152 futuris

807 1175 863 1216 Et
882 1184 978 1214 tunc
999 1172 1164 1212 demum
1184 1170 1368 1224 gravibus
1388 1170 1550 1211 aestuare
1569 1171 1677 1212 curis

779 1245 782 1248 ·
814 1230 942 1290 Quasi
963 1245 1036 1285 pro
1059 1230 1292 1284 parentibus
1313 1229 1388 1269 sese
1408 1230 1644 1283 cognituris.
1675 1246 1691 1267 »

693 1321 925 1364 [Anonymus‚
945 1315 1062 1358 Vitas.
1082 1313 1196 1357 Alexij
1210 1313 1396 1356 confi’fforis,
1424 1313 1543 1357 stroph.
1573 1324 1689 1356 34-43,
1706 1318 1762 1356 46,
1788 1326 1841 1358 55,
1859 1318 1961 1357 60-63

601 1374 674 1417 (M.
704 1375 819 1415 Haupt
843 1371 874 1403 δε
903 1371 946 1402 H.
977 1367 1176 1409 Hoffmann,
1205 1366 1409 1409 Altdeutsche
1436 1365 1573 1408 Bldtter‚
1603 1366 1707 1410 Lips.,
1742 1370 1843 1409 1840,
1875 1375 1898 1400 t.
1920 1369 1963 1410 ΙΙ,

602 1426 760 1472 P·273)]

710 1536 726 1557 «
752 1518 818 1559 Or
837 1517 920 1557 s'en
941 1515 1022 1554 vait
1042 1513 1067 1553 li
1090 1510 1255 1563 danfias,
1286 1512 1338 1551 n’i
1360 1522 1456 1552 veut
1476 1511 1564 1565 plus
1586 1512 1770 1552 demorer
1800 1513 1852 1565 (V.
1873 1514 1967 1566 312)

707 1577 762 1617 Et
781 1577 868 1615 vint
888 1588 910 1613 a
930 1574 998 1613 son
1020 1572 1142 1613 tresor
1162 1571 1200 1611 13
1218 1586 1243 1609 u
1265 1570 1292 1610 il
1312 1570 1410 1610 fieut
1429 1570 1525 1622 aler,

706 1636 822 1676 Tant
842 1632 937 1687 prist
958 1632 1006 1671 de
1027 1630 1095 1671 son
1116 1630 1228 1670 avoir
1248 1644 1326 1684 que
1347 1629 1374 1669 il
1395 1644 1444 1669 en
1466 1640 1561 1683 puet
1582 1641 1730 1683 porter,

711 1694 804 1734 Puis
825 1691 880 1732 est
900 1690 1021 1745 partis
1042 1690 1091 1728 de
1111 1688 1241 1739 Rome,
1260 1688 1315 1727 n'i
1335 1698 1431 1728 veut
1451 1689 1549 1729 mais
1571 1690 1767 1730 demorer.

710 1753 800 1793 Tot
819 1751 908 1791 nuit
926 1764 978 1789 ne
997 1748 1077 1788 fina
1097 1749 1194 1787 dans
1215 1746 1356 1787 Alexis
1378 1746 1499 1787 d'aler

710 1812 766 1853 Et
786 1811 822 1851 le
844 1812 904 1850 ior
924 1809 960 1849 el
983 1807 1143 1847 demain
1162 1820 1213 1846 ne
1233 1816 1305 1846 vot
1325 1806 1414 1846 aine
1436 1806 1592 1847 arester.

711 1871 825 1911 Tote
846 1868 954 1909 droit
974 1882 1021 1907 au
1044 1876 1135 1919 port
1155 1866 1204 1905 de
1225 1864 1357 1918 Caples
1377 1865 1431 1905 est
1451 1866 1582 1908 entres
1603 1881 1652 1907 en
1674 1867 1712 1907 la
1733 1882 1818 1908 mer

712 1931 776 1971 En
798 1942 876 1968 une
896 1926 970 1966 nef
982 1924 1117 1979 garnie
1139 1925 1207 1978 qui
1228 1926 1310 1964 s'en
1333 1924 1470 1964 devoit
1491 1923 1617 1978 paffer

716 1991 852 2032 Outre
872 1986 909 2027 el
931 1999 1051 2039 regne
1071 1984 1121 2024 de
1141 1984 1221 2024 Sira
1243 1998 1317 2037 por
1337 1984 1448 2024 avoir
1467 1995 1612 2025 acater.

712 2050 828 2090 Tant
848 2047 1021 2086 keurent
1039 2044 1129 2083 nuit
1148 2042 1186 2083 &
1207 2043 1267 2082 ior
1287 2057 1358 2096 par
1378 2042 1492 2082 oscur
1511 2043 1549 2083 &
1571 2058 1639 2098 par
1658 2046 1741 2085 cler

716 2109 854 2166 Qu'au
876 2105 983 2145 droit
1004 2113 1098 2157 port
1116 2117 1138 2142 a
1157 2101 1348 2142 Laudiche
1368 2112 1497 2142 entret
1517 2102 1604 2143 sont
1623 2118 1672 2144 en
1694 2104 1731 2145 la
1750 2120 1847 2147 mer.

715 2167 828 2209 Affes
849 2179 917 2205 ara
937 2163 992 2203 ses
1014 2177 1129 2217 peres
1150 2161 1366 2202 desormais
1387 2176 1409 2201 a
1430 2161 1564 2214 plorer

716 2227 771 2268 Et
791 2226 827 2265 sa
846 2238 956 2264 mere
978 2222 1016 2263 &
1038 2221 1232 2275 s’espouse
1253 2235 1275 2260 a
1296 2220 1475 2274 plaindre
1496 2222 1534 2262 &
1555 2222 1722 2265 doloser.

719 2286 864 2343 Quant
880 2283 906 2322 li
924 2282 1022 2322 sains
1044 2282 1153 2321 enfes
1174 2281 1216 2320 fu
1237 2281 1286 2320 de
1308 2279 1345 2319 la
1364 2281 1439 2320 nef
1451 2280 1712 2334 deschendus,

718 2346 779 2386 La
798 2344 887 2384 nuit
907 2342 994 2381 vint
1013 2355 1035 2380 a
1054 2339 1258 2390 Laudiche,
1277 2338 1314 2379 el
1335 2340 1442 2379 main
1463 2342 1546 2380 s'en
1568 2340 1622 2380 est
1642 2340 1759 2393 iffus;

717 2403 822 2444 Tost
842 2403 925 2442 s’en
946 2401 1021 2440 fuit
1041 2401 1089 2439 de
1110 2398 1148 2439 la
1166 2398 1245 2438 vile
1266 2397 1364 2452 qu’il
1384 2399 1437 2438 n'i
1459 2398 1532 2439 soit
1552 2403 1703 2442 coneiis

719 2463 774 2504 Et
793 2459 975 2515 trespaffe
996 2461 1044 2500 de
1065 2459 1144 2499 Sire
1164 2469 1305 2499 tertres
1326 2458 1364 2498 &
1386 2459 1474 2512 puis
1495 2473 1602 2513 agus.

718 2523 833 2563 Tant
852 2520 933 2561 vait
954 2533 1023 2573 par
1043 2518 1098 2559 ses
1120 2519 1277 2559 iornees
1298 2518 1395 2572 qu'il
1416 2532 1467 2558 ne
1487 2519 1527 2558 fu
1548 2529 1724 2572 retenus,

723 2582 834 2638 Qu’a
854 2580 970 2633 paine
991 2578 1030 2619 δε
1051 2592 1072 2617 3
1092 2577 1228 2618 travail
1249 2577 1303 2617 est
1324 2591 1345 2616 a
1363 2576 1504 2617 Rohais
1524 2591 1661 2629 venus,

721 2641 783 2681 La
804 2650 916 2679 trova
937 2652 1013 2678 une
1035 2637 1164 2690 image
1185 2638 1284 2677 dont
1306 2635 1436 2677 Dieus
1456 2636 1526 2676 fait
1544 2650 1659 2690 grans
1680 2648 1824 2680 vertus.

724 2727 1972 2742 ····················
