2131 3552
598 205 685 271 Ῐ96
1200 203 1338 268 (518)

592 356 730 397 dentes
746 369 882 396 coram
897 355 982 395 viro
1001 354 1098 405 Dei,
1113 355 1319 394 dixerunt:
1344 370 1360 391 «
1380 353 1507 403 Salve,
1523 352 1653 393 fauete
1667 352 1748 392 Dei
1765 352 1954 405 Theliae,

595 432 611 451 ‹<
629 415 666 455 &
682 426 725 454 ut
736 415 840 467 apud
856 413 1084 454 Dominum
1096 413 1213 453 nobis
1228 412 1386 452 valeant
1403 425 1539 465 preces
1552 421 1630 451 tuae
1645 411 1841 465 propitius
1856 426 1955 452 con-

595 492 611 510 «
632 474 743 524 cede,
771 475 865 526 quia
887 473 1008 512 hodie
1038 472 1126 525 plus
1153 473 1295 512 ceteris
1323 470 1586 511 confratribus
1617 471 1693 510 tuis
1723 469 1954 511 sublimatus

596 550 611 569 «
628 547 682 583 es,
699 532 868 572 resldens
885 533 924 570 in
940 531 1029 570 sede
1043 530 1215 570 Domini
1232 530 1350 571 nostri
1362 528 1447 569 Iesu
1461 529 1620 580 Christi,
1636 530 1675 568 in
1688 543 1767 582 qua
1780 529 1956 581 patribus

596 609 612 628 «
628 590 767 631 nostris
790 590 1029 643 praedicabat
1047 603 1215 643 regnum
1233 589 1328 629 Dei.
1345 605 1360 626 »
1394 589 1487 629 Hoc
1506 588 1670 627 audiens
1687 587 1747 627 vir
1764 587 1845 627 Dei
1863 601 1957 627 cum

593 664 740 702 magno
774 649 933 702 stupore
962 648 1142 699 surrexit,
1171 647 1210 688 ὅτ
1238 647 1273 687 se
1303 649 1343 687 in
1375 658 1521 687 terram
1556 645 1764 700 prostravit
1794 646 1956 687 dicens:

596 724 611 745 «
631 707 778 747 Beatus
795 708 865 758 vir,
880 708 948 761 qui
965 721 1046 746 non
1064 707 1160 747 abiit
1180 708 1220 746 in
1237 705 1401 746 confilio
1423 707 1653 759 impiorum,
1670 704 1708 744 &
1725 706 1763 744 in
1782 705 1845 745 via
1864 720 1958 758 pec-

596 784 612 804 «
633 777 813 806 catorum
834 781 915 806 non
936 766 1054 816 stetit,
1080 765 1118 805 &
1139 767 1178 805 in
1200 765 1388 805 cathedra
1409 765 1642 818 pestilentiae
1661 778 1744 803 non
1764 764 1873 804 sedit.
1903 764 1959 805 Et

597 842 612 863 «
634 825 867 865 benedictus
886 824 1077 875 Salvator,
1097 826 1165 878 qui
1187 824 1318 864 sedem
1339 823 1407 864 fibi
1429 823 1516 864 fieri
1535 824 1655 877 elegit
1675 824 1723 863 de
1744 823 1868 876 ligno,
1888 823 1956 876 qui

597 901 613 921 «
634 898 704 937 per
716 884 869 936 lignum
885 884 1110 923 succurrere
1126 883 1255 923 voluit
1271 883 1452 936 pereunti
1469 883 1634 923 mundo.
1654 899 1670 919 »
1694 882 1960 936 Rogaverunt

595 957 688 996 ergo
710 956 802 982 eum
828 956 968 981 omnes
989 952 1185 995 quatenus
1215 943 1261 981 ad
1287 942 1593 982 instructionem
1623 942 1817 981 virtutum
1844 954 1958 994 para—

595 1001 731 1041 bolam
753 1001 808 1040 eis
831 1000 879 1040 de
896 1000 1054 1040 Christo
1077 1001 1240 1051 diceret,
1260 1011 1304 1041 ut
1323 1001 1421 1040 s1cut
1440 1000 1555 1040 illum
1576 1001 1754 1040 imitatus
1771 1000 1899 1039 fuerat
1919 999 1959 1039 in

595 1060 783 1100 cathedra
801 1058 1021 1109 refidendo,
1040 1073 1133 1098 eum
1154 1060 1377 1099 imitaretur
1397 1059 1564 1098 verbum
1583 1059 1662 1099 Dei
1688 1057 1958 1112 praedicando.

596 1117 683 1174 Qui
705 1118 845 1157 videns
866 1131 1045 1156 amorem
1066 1118 1188 1157 divini
1212 1118 1319 1157 verbi
1347 1117 1514 1171 flagrare
1536 1118 1575 1157 in
1596 1117 1784 1157 cordibus
1806 1129 1961 1167 eorum,

594 1191 687 1216 curn
707 1176 854 1229 linguae
871 1190 1012 1215 eorum
1033 1177 1192 1229 penitus
1210 1190 1350 1230 expers
1367 1177 1453 1227 fuit,
1475 1178 1578 1216 miro
1594 1176 1717 1216 modo
1733 1174 1960 1215 sollicitudo

595 1237 632 1276 ἃ
653 1235 830 1289 angustia
856 1236 1062 1288 premebat
1088 1250 1193 1275 eum.
1225 1236 1285 1276 Ut
1314 1247 1448 1276 tamen
1476 1235 1629 1289 populo
1657 1234 1895 1288 supplicanti
1923 1233 1961 1273 &

594 1295 758 1334 illorum
778 1304 875 1334 voto
906 1293 1158 1345 satisfaceret,
1187 1293 1309 1334 sacras
1337 1295 1563 1348 Scripturas
1591 1307 1795 1347 exponere
1815 1293 1961 1345 coepit3

595 1355 633 1394 &
648 1352 913 1406 unusquisque
929 1353 1166 1392 adstantium
1184 1353 1297 1392 illum
1315 1353 1381 1393 sua
1396 1353 1532 1406 lingua
1546 1353 1782 1406 loquentem
1797 1351 1961 1391 audivit.

597 1413 787 1464 Cumque
808 1426 949 1451 omnes
980 1421 1089 1450 tanta
1109 1411 1323 1451 dulcedine
1346 1412 1539 1452 sermonis
1561 1411 1667 1451 illius
1689 1408 1812 1451 effent
1832 1408 1961 1449 affeffl

597 1482 639 1510 ut
660 1480 811 1524 quanto
833 1484 926 1509 eum
944 1471 1093 1510 diutius
1115 1470 1309 1521 audirent,
1330 1472 1455 1525 magis
1476 1471 1592 1510 illurn
1614 1470 1750 1510 audire
1767 1466 1963 1508 defidera-

597 1539 706 1577 rent,
734 1542 784 1567 ne
816 1528 1059 1580 praedicandi
1089 1530 1270 1568 officium
1296 1530 1501 1569 videretur
1532 1528 1778 1582 praesumere,
1805 1525 1831 1565 fi
1858 1525 1962 1566 solus

598 1586 853 1640 praedicaffet,
870 1588 1022 1640 populo
1041 1587 1159 1627 dixit:
1175 1591 1200 1625 '«
1221 1589 1373 1628 Audite
1391 1589 1469 1628 iam
1487 1603 1508 1628 a
1525 1587 1709 1627 fratribus
1725 1586 1825 1626 meis
1843 1586 1963 1626 verba

600 1664 614 1683 «
636 1647 740 1696 vitae,
752 1646 821 1699 qui
839 1661 902 1685 me
918 1647 1174 1699 perfectiores
1192 1648 1231 1686 in
1244 1648 1325 1687 vita
1340 1647 1441 1698 sunt,
1458 1647 1496 1687 δε
1513 1646 1786 1699 diligentiores
1803 1646 1843 1686 in
1861 1646 1959 1686 doc-

600 1722 616 1743 «
637 1706 751 1744 trina.
773 1722 787 1741 »
808 1705 1071 1745 Surrexerunt
1083 1720 1178 1758 ergo
1195 1706 1217 1745 s.
1233 1705 1368 1746 David
1385 1706 1422 1746 &
1439 1705 1645 1755 Paternus,
1663 1704 1700 1744 &
1717 1705 1962 1758 praedicave-

597 1775 689 1804 runt
719 1764 885 1817 populo,
912 1765 1176 1818 omnibusque
1206 1766 1247 1804 in
1277 1764 1341 1805 sua
1370 1765 1507 1818 lingua
1534 1763 1708 1817 perfed'oe
1732 1763 1961 1817 intelligen-

598 1824 703 1863 tibus
725 1837 806 1863 eos.

653 1900 668 1919 «
695 1881 786 1922 Post
812 1883 896 1921 haec
916 1896 1024 1933 vero,
1055 1882 1335 1922 admonitione
1360 1882 1554 1936 angelica,
1574 1895 1596 1920 a
1615 1881 1726 1921 clero
1749 1880 1787 1921 δε
1808 1882 1962 1934 populo

599 1942 715 1983 eleEU
739 1940 962 1994 pontificali
978 1942 1170 1994 dignitate
1191 1941 1389 1981 sublimati
1413 1942 1521 1993 sunt,
1542 1941 1580 1981 δε
1597 1939 1703 1994 quafi
1725 1941 1764 1980 in
1787 1939 1964 1980 testimo-

599 2003 712 2042 nium
732 2002 887 2054 gratiae,
918 2014 1039 2054 quarn
1070 2001 1122 2040 ibi
1146 1999 1332 2040 Domino
1366 2000 1558 2054 largiente
1586 2000 1844 2053 susceperant,
1874 2000 1965 2039 data

600 2061 688 2100 sunt
727 2060 782 2099 eis
822 2059 990 2112 pretiosa
1023 2060 1097 2098 tria
1128 2073 1314 2110 munera,
1353 2070 1472 2113 prout
1505 2060 1652 2112 cuique
1686 2058 1962 2111 competebat:

601 2120 770 2160 Paterno
803 2117 968 2158 baculus
989 2117 1027 2157 &
1047 2132 1174 2170 cappa
1203 2118 1388 2169 choralis,
1421 2118 1590 2171 pretioso
1619 2116 1741 2156 serico
1762 2127 1964 2170 contexta,

601 2193 649 2218 eo
675 2177 783 2231 quod
817 2176 930 2216 illum
958 2187 1165 2216 cantorem
1194 2178 1398 2230 egregium
1421 2177 1621 2216 videbant.
1653 2175 1798 2216 Sancto
1830 2186 1964 2216 autem

602 2237 737 2278 David
766 2237 885 2276 altare
915 2235 1145 2285 mirificum,
1173 2235 1275 2275 nulli
1307 2237 1408 2275 bene
1439 2246 1583 2275 notum
1616 2235 1664 2274 de
1694 2249 1772 2288 qua
1802 2235 1966 2274 materia

601 2298 729 2336 fuerat
745 2296 914 2335 facturn:
931 2309 1024 2334 narn
1042 2295 1255 2334 iucundius
1271 2296 1415 2334 ceteris
1429 2294 1656 2334 celebravit.
1687 2293 1812 2333 Beato
1830 2303 1964 2333 autem

601 2355 779 2395 Theliao
810 2353 1040 2408 cymbalum
1068 2353 1264 2393 dederunt
1289 2354 1416 2407 magis
1438 2354 1647 2403 famosum,
1673 2366 1794 2406 quarn
1815 2350 1860 2392 fit
1881 2366 1965 2392 ma-

603 2429 740 2468 gnum,
760 2414 885 2466 magis
908 2412 1136 2466 pretiosum,
1156 2426 1277 2465 quam
1303 2412 1530 2465 pulchrum,
1550 2412 1644 2465 quia
1660 2410 1767 2450 dulci
1785 2410 1881 2449 sono
1898 2425 1964 2451 or-

603 2487 751 2527 ganum
781 2486 901 2511 omne
931 2471 1089 2510 videtur
1116 2470 1331 2521 excellere,
1362 2471 1541 2523 periuros
1570 2470 1751 2519 damnat,
1781 2468 1964 2509 infirmos

603 2542 734 2580 curat3
751 2531 789 2570 &
804 2530 962 2584 singulis
979 2530 1086 2570 horis
1101 2528 1214 2568 nullo
1237 2540 1425 2568 movente
1446 2529 1621 2579 sonabat,
1642 2529 1771 2568 donec
1790 2528 1963 2580 peccatis

603 2591 816 2630 hominum
832 2589 1097 2641 exigentibus,
1113 2587 1181 2640 qui
1202 2586 1299 2626 illud
1317 2586 1480 2639 pollutis
1496 2586 1680 2626 manibus
1697 2596 1846 2625 temere
1864 2596 1965 2625 trac-

605 2649 754 2699 tabant,
780 2662 801 2687 a
821 2659 902 2688 tam
923 2647 1030 2687 dulci
1061 2646 1251 2699 obsequio
1273 2644 1458 2685 cessaret:
1488 2644 1585 2685 ficut
1606 2645 1714 2684 enirn
1734 2644 1964 2698 cymbalum

606 2723 628 2748 a
656 2719 816 2760 torpore
845 2706 971 2746 somni
999 2706 1038 2746 &
1068 2706 1219 2746 inertiae
1246 2705 1414 2745 ευηὲὶοε
1435 2705 1482 2744 ad
1504 2702 1712 2745 ecclefiam
1731 2704 1887 2755 invitat,
1911 2704 1965 2743 ita
