<?xml version="1.0" encoding="UTF-8"?>
<!DOCTYPE html PUBLIC "-//W3C//DTD XHTML 1.0 Transitional//EN"
    "http://www.w3.org/TR/xhtml1/DTD/xhtml1-transitional.dtd">
<html xmlns="http://www.w3.org/1999/xhtml" xml:lang="en" lang="en">
 <head>
  <title>
</title>
<meta http-equiv="Content-Type" content="text/html;charset=utf-8" />
  <meta name='ocr-system' content='tesseract 3.04.00' />
  <meta name='ocr-capabilities' content='ocr_page ocr_carea ocr_par ocr_line ocrx_word'/>
</head>
<body>
  <div class='ocr_page' id='page_1' title='image "./p1itinerahierosoly02tobl_0050.png"; bbox 0 0 2131 3552; ppageno 0'>
   <div class='ocr_carea' id='block_1_1' title="bbox 562 275 1316 346">
    <p class='ocr_par' dir='ltr' id='par_1_1' title="bbox 562 275 1316 346">
     <span class='ocr_line' id='line_1_1' title="bbox 562 275 1316 346; baseline -0.015 0"><span class='ocrx_word' id='word_1_1' title='bbox 562 281 621 346; x_wconf 76' lang='lat'>36</span> <span class='ocrx_word' id='word_1_2' title='bbox 1179 275 1226 340; x_wconf 86' lang='lat'>(3</span> <span class='ocrx_word' id='word_1_3' title='bbox 1239 276 1316 334; x_wconf 75' lang='lat'>26)</span> 
     </span>
    </p>
   </div>
   <div class='ocr_carea' id='block_1_2' title="bbox 558 427 1927 536">
    <p class='ocr_par' dir='ltr' id='par_1_2' title="bbox 558 427 1927 536">
     <span class='ocr_line' id='line_1_2' title="bbox 650 427 1927 481; baseline -0.005 -11"><span class='ocrx_word' id='word_1_4' title='bbox 650 436 823 481; x_wconf 74' lang='lat' dir='ltr'>[AEthicus</span> <span class='ocrx_word' id='word_1_5' title='bbox 841 435 983 477; x_wconf 82' lang='lat' dir='ltr'>Istricus,</span> <span class='ocrx_word' id='word_1_6' title='bbox 1000 432 1262 477; x_wconf 75' lang='lat' dir='ltr'>Cos‘mographia,</span> <span class='ocrx_word' id='word_1_7' title='bbox 1284 433 1328 465; x_wconf 79' lang='lat' dir='ltr'>ab</span> <span class='ocrx_word' id='word_1_8' title='bbox 1346 431 1562 475; x_wconf 83' lang='lat' dir='ltr'>Hieronymo</span> <span class='ocrx_word' id='word_1_9' title='bbox 1578 441 1596 462; x_wconf 92' lang='lat' dir='ltr'>e</span> <span class='ocrx_word' id='word_1_10' title='bbox 1614 439 1728 473; x_wconf 88' lang='lat' dir='ltr'>graeco</span> <span class='ocrx_word' id='word_1_11' title='bbox 1741 427 1773 462; x_wconf 90' lang='lat' dir='ltr'>in</span> <span class='ocrx_word' id='word_1_12' title='bbox 1787 428 1927 463; x_wconf 88' lang='lat' dir='ltr'>latinum</span> 
     </span>
     <span class='ocr_line' id='line_1_3' title="bbox 558 488 1847 536; baseline -0.005 -8"><span class='ocrx_word' id='word_1_13' title='bbox 558 495 757 529; x_wconf 84' lang='lat' dir='ltr'>breviarium</span> <span class='ocrx_word' id='word_1_14' title='bbox 778 494 922 535; x_wconf 60' lang='lat' dir='ltr'>redafika,</span> <span class='ocrx_word' id='word_1_15' title='bbox 944 505 974 526; x_wconf 89' lang='lat' dir='ltr'>c.</span> <span class='ocrx_word' id='word_1_16' title='bbox 1003 496 1077 534; x_wconf 90' lang='lat'>108,</span> <span class='ocrx_word' id='word_1_17' title='bbox 1095 492 1148 525; x_wconf 90' lang='lat' dir='ltr'>ed.</span> <span class='ocrx_word' id='word_1_18' title='bbox 1171 491 1333 533; x_wconf 77' lang='lat' dir='ltr'>Wiittke,</span> <span class='ocrx_word' id='word_1_19' title='bbox 1349 490 1478 536; x_wconf 81' lang='lat' dir='ltr'>Lipfiae,</span> <span class='ocrx_word' id='word_1_20' title='bbox 1500 493 1599 532; x_wconf 85' lang='lat'>1854,</span> <span class='ocrx_word' id='word_1_21' title='bbox 1617 489 1703 531; x_wconf 86' lang='lat' dir='ltr'>in·8,</span> <span class='ocrx_word' id='word_1_22' title='bbox 1722 500 1752 533; x_wconf 88' lang='lat' dir='ltr'>p.</span> <span class='ocrx_word' id='word_1_23' title='bbox 1777 488 1847 533; x_wconf 58' lang='lat'>81]</span> 
     </span>
    </p>
   </div>
   <div class='ocr_carea' id='block_1_3' title="bbox 561 578 1930 668">
    <p class='ocr_par' dir='ltr' id='par_1_3' title="bbox 561 578 1930 668">
     <span class='ocr_line' id='line_1_4' title="bbox 561 578 1930 624; baseline -0.004 -10"><span class='ocrx_word' id='word_1_24' title='bbox 561 587 635 624; x_wconf 87' lang='lat'>326.</span> <span class='ocrx_word' id='word_1_25' title='bbox 655 583 949 617; x_wconf 78' lang='lat' dir='ltr'>CONSTANTINUS</span> <span class='ocrx_word' id='word_1_26' title='bbox 972 581 1135 613; x_wconf 80' lang='lat' dir='ltr'><strong>MAGNUS</strong></span> <span class='ocrx_word' id='word_1_27' title='bbox 1157 589 1204 612; x_wconf 76' lang='lat' dir='ltr'>An</span> <span class='ocrx_word' id='word_1_28' title='bbox 1230 579 1445 612; x_wconf 80' lang='lat' dir='ltr'>MACARIUM</span> <span class='ocrx_word' id='word_1_29' title='bbox 1467 586 1673 611; x_wconf 75' lang='lat' dir='ltr'>prsCOPUM</span> <span class='ocrx_word' id='word_1_30' title='bbox 1696 578 1930 610; x_wconf 68' lang='lat' dir='ltr'>HrekosoLY-</span> 
     </span>
     <span class='ocr_line' id='line_1_5' title="bbox 749 634 1482 668; baseline -0.004 -1"><span class='ocrx_word' id='word_1_31' title='bbox 749 644 931 668; x_wconf 71' lang='lat' dir='ltr'>MITANUM</span> <span class='ocrx_word' id='word_1_32' title='bbox 956 644 999 667; x_wconf 82' lang='lat' dir='ltr'>DE</span> <span class='ocrx_word' id='word_1_33' title='bbox 1019 635 1129 666; x_wconf 75' lang='lat' dir='ltr'>Loms</span> <span class='ocrx_word' id='word_1_34' title='bbox 1150 634 1306 666; x_wconf 59' lang='lat' dir='ltr'>Saucrxs</span> <span class='ocrx_word' id='word_1_35' title='bbox 1327 641 1482 664; x_wconf 78' lang='lat' dir='ltr'>sciumT.</span> 
     </span>
    </p>
   </div>
   <div class='ocr_carea' id='block_1_4' title="bbox 748 699 1931 801">
    <p class='ocr_par' dir='ltr' id='par_1_4' title="bbox 748 699 1931 801">
     <span class='ocr_line' id='line_1_6' title="bbox 795 699 1931 749; baseline -0.004 -12"><span class='ocrx_word' id='word_1_36' title='bbox 795 704 1047 749; x_wconf 83' lang='lat' dir='ltr'>[Constantinus</span> <span class='ocrx_word' id='word_1_37' title='bbox 1080 705 1145 745; x_wconf 89' lang='lat' dir='ltr'>M.‚</span> <span class='ocrx_word' id='word_1_38' title='bbox 1178 702 1271 747; x_wconf 87' lang='lat' dir='ltr'><em>Epist.</em></span> <span class='ocrx_word' id='word_1_39' title='bbox 1295 702 1488 747; x_wconf 81' lang='lat' dir='ltr'>(Eusebius,</span> <span class='ocrx_word' id='word_1_40' title='bbox 1515 703 1565 735; x_wconf 81' lang='lat' dir='ltr'>De</span> <span class='ocrx_word' id='word_1_41' title='bbox 1592 699 1672 734; x_wconf 81' lang='lat' dir='ltr'>vita</span> <span class='ocrx_word' id='word_1_42' title='bbox 1689 700 1799 744; x_wconf 65' lang='lat' dir='ltr'>Consi„</span> <span class='ocrx_word' id='word_1_43' title='bbox 1830 699 1850 733; x_wconf 92' lang='grc'>1.</span> <span class='ocrx_word' id='word_1_44' title='bbox 1869 701 1931 742; x_wconf 91' lang='grc' dir='ltr'><strong>ΙΙΙ,</strong></span> 
     </span>
     <span class='ocr_line' id='line_1_7' title="bbox 748 754 1766 801; baseline -0.003 -11"><span class='ocrx_word' id='word_1_45' title='bbox 748 770 775 790; x_wconf 90' lang='lat' dir='ltr'>c.</span> <span class='ocrx_word' id='word_1_46' title='bbox 796 769 912 799; x_wconf 87' lang='lat'>29-33‚</span> <span class='ocrx_word' id='word_1_47' title='bbox 931 757 981 790; x_wconf 92' lang='lat' dir='ltr'>ed.</span> <span class='ocrx_word' id='word_1_48' title='bbox 1003 756 1199 798; x_wconf 86' lang='lat' dir='ltr'>Heinichen,</span> <span class='ocrx_word' id='word_1_49' title='bbox 1218 755 1346 800; x_wconf 81' lang='lat' dir='ltr'>Lipfiae,</span> <span class='ocrx_word' id='word_1_50' title='bbox 1367 759 1467 797; x_wconf 87' lang='lat'>1830,</span> <span class='ocrx_word' id='word_1_51' title='bbox 1485 768 1542 801; x_wconf 90' lang='lat' dir='ltr'>pp.</span> <span class='ocrx_word' id='word_1_52' title='bbox 1571 754 1766 799; x_wconf 85' lang='lat'>163-187).]</span> 
     </span>
    </p>
   </div>
   <div class='ocr_carea' id='block_1_5' title="bbox 450 840 1246 905">
    <p class='ocr_par' dir='ltr' id='par_1_5' title="bbox 450 840 1246 905">
     <span class='ocr_line' id='line_1_8' title="bbox 450 840 1246 905; baseline -0.011 -17"><span class='ocrx_word' id='word_1_53' title='bbox 450 844 540 905; x_wconf 67' lang='lat'>320</span> <span class='ocrx_word' id='word_1_54' title='bbox 561 841 600 886; x_wconf 87' lang='lat' dir='ltr'>S.</span> <span class='ocrx_word' id='word_1_55' title='bbox 641 841 855 885; x_wconf 82' lang='lat' dir='ltr'>HELENA</span> <span class='ocrx_word' id='word_1_56' title='bbox 879 840 1142 884; x_wconf 77' lang='lat' dir='ltr'>AUGUSTA.</span> <span class='ocrx_word' id='word_1_57' title='bbox 1167 847 1246 891; x_wconf 86' lang='lat'><em>(28)</em></span> 
     </span>
    </p>
   </div>
   <div class='ocr_carea' id='block_1_6' title="bbox 564 916 1928 1093">
    <p class='ocr_par' dir='ltr' id='par_1_6' title="bbox 564 916 1928 1093">
     <span class='ocr_line' id='line_1_9' title="bbox 616 916 1928 970; baseline -0.003 -11"><span class='ocrx_word' id='word_1_58' title='bbox 616 920 774 960; x_wconf 89' lang='lat' dir='ltr'>Helena</span> <span class='ocrx_word' id='word_1_59' title='bbox 795 919 1049 960; x_wconf 89' lang='lat' dir='ltr'>Constantini</span> <span class='ocrx_word' id='word_1_60' title='bbox 1072 929 1209 970; x_wconf 91' lang='lat' dir='ltr'>mater,</span> <span class='ocrx_word' id='word_1_61' title='bbox 1239 920 1385 960; x_wconf 91' lang='lat' dir='ltr'>divinis</span> <span class='ocrx_word' id='word_1_62' title='bbox 1407 919 1562 958; x_wconf 92' lang='lat' dir='ltr'>monita</span> <span class='ocrx_word' id='word_1_63' title='bbox 1582 916 1813 968; x_wconf 88' lang='lat' dir='ltr'>vifionibus,</span> <span class='ocrx_word' id='word_1_64' title='bbox 1833 917 1928 957; x_wconf 89' lang='lat' dir='ltr'>bea-</span> 
     </span>
     <span class='ocr_line' id='line_1_10' title="bbox 564 975 1926 1031; baseline -0.003 -12"><span class='ocrx_word' id='word_1_65' title='bbox 564 979 751 1019; x_wconf 88' lang='lat' dir='ltr'>tissimum</span> <span class='ocrx_word' id='word_1_66' title='bbox 773 978 918 1019; x_wconf 87' lang='lat' dir='ltr'>Crucis</span> <span class='ocrx_word' id='word_1_67' title='bbox 946 976 1114 1031; x_wconf 81' lang='lat' dir='ltr'>signum,</span> <span class='ocrx_word' id='word_1_68' title='bbox 1149 978 1187 1017; x_wconf 92' lang='lat' dir='ltr'>in</span> <span class='ocrx_word' id='word_1_69' title='bbox 1209 993 1290 1031; x_wconf 93' lang='lat' dir='ltr'>quo</span> <span class='ocrx_word' id='word_1_70' title='bbox 1312 978 1452 1017; x_wconf 90' lang='lat' dir='ltr'>mundi</span> <span class='ocrx_word' id='word_1_71' title='bbox 1474 977 1573 1017; x_wconf 92' lang='lat' dir='ltr'>salus</span> <span class='ocrx_word' id='word_1_72' title='bbox 1595 977 1802 1030; x_wconf 85' lang='lat' dir='ltr'><strong>pependit,</strong></span> <span class='ocrx_word' id='word_1_73' title='bbox 1822 975 1926 1029; x_wconf 93' lang='lat' dir='ltr'>apud</span> 
     </span>
     <span class='ocr_line' id='line_1_11' title="bbox 567 1036 1006 1093; baseline -0.005 -15"><span class='ocrx_word' id='word_1_74' title='bbox 567 1036 826 1093; x_wconf 76' lang='lat' dir='ltr'><em>lerosolymam</em></span> <span class='ocrx_word' id='word_1_75' title='bbox 846 1038 1006 1090; x_wconf 83' lang='lat' dir='ltr'>reperit.</span> 
     </span>
    </p>
   </div>
   <div class='ocr_carea' id='block_1_7' title="bbox 566 1113 1931 1213">
    <p class='ocr_par' dir='ltr' id='par_1_7' title="bbox 566 1113 1931 1213">
     <span class='ocr_line' id='line_1_12' title="bbox 659 1113 1931 1158; baseline -0.003 -10"><span class='ocrx_word' id='word_1_76' title='bbox 659 1118 704 1158; x_wconf 84' lang='lat' dir='ltr'>[S.</span> <span class='ocrx_word' id='word_1_77' title='bbox 730 1115 880 1158; x_wconf 61' lang='lat' dir='ltr'>Hieron„</span> <span class='ocrx_word' id='word_1_78' title='bbox 902 1114 1100 1157; x_wconf 65' lang='lat' dir='ltr'>Chronicon„</span> <span class='ocrx_word' id='word_1_79' title='bbox 1128 1115 1170 1148; x_wconf 90' lang='lat' dir='ltr'>ad</span> <span class='ocrx_word' id='word_1_80' title='bbox 1199 1126 1275 1147; x_wconf 90' lang='lat' dir='ltr'>ann.</span> <span class='ocrx_word' id='word_1_81' title='bbox 1297 1126 1358 1156; x_wconf 84' lang='lat'>321</span> <span class='ocrx_word' id='word_1_82' title='bbox 1389 1113 1544 1158; x_wconf 89' lang='lat' dir='ltr'>(Migne,</span> <span class='ocrx_word' id='word_1_83' title='bbox 1569 1115 1660 1147; x_wconf 84' lang='lat' dir='ltr'>Patr.</span> <span class='ocrx_word' id='word_1_84' title='bbox 1683 1113 1757 1155; x_wconf 63' lang='lat' dir='ltr'>lat„</span> <span class='ocrx_word' id='word_1_85' title='bbox 1783 1113 1931 1154; x_wconf 88' lang='lat' dir='ltr'>XXVII,</span> 
     </span>
     <span class='ocr_line' id='line_1_13' title="bbox 566 1168 740 1213; baseline -0.011 -10"><span class='ocrx_word' id='word_1_86' title='bbox 566 1181 593 1203; x_wconf 91' lang='lat' dir='ltr'>c.</span> <span class='ocrx_word' id='word_1_87' title='bbox 615 1168 740 1213; x_wconf 86' lang='lat'>671).].</span> 
     </span>
    </p>
   </div>
   <div class='ocr_carea' id='block_1_8' title="bbox 565 1238 1939 1942">
    <p class='ocr_par' dir='ltr' id='par_1_8' title="bbox 565 1238 1939 1942">
     <span class='ocr_line' id='line_1_14' title="bbox 622 1238 1932 1293; baseline -0.003 -11"><span class='ocrx_word' id='word_1_88' title='bbox 622 1261 636 1279; x_wconf 53' lang='lat'>&lt;⁴2</span> <span class='ocrx_word' id='word_1_89' title='bbox 663 1242 737 1282; x_wconf 92' lang='lat' dir='ltr'>Per</span> <span class='ocrx_word' id='word_1_90' title='bbox 766 1241 873 1282; x_wconf 90' lang='lat' dir='ltr'>idern</span> <span class='ocrx_word' id='word_1_91' title='bbox 909 1252 1081 1293; x_wconf 90' lang='lat' dir='ltr'>tempus,</span> <span class='ocrx_word' id='word_1_92' title='bbox 1111 1241 1282 1292; x_wconf 89' lang='lat' dir='ltr'>Helena,</span> <span class='ocrx_word' id='word_1_93' title='bbox 1311 1239 1568 1282; x_wconf 90' lang='lat' dir='ltr'>Constantini</span> <span class='ocrx_word' id='word_1_94' title='bbox 1596 1249 1734 1290; x_wconf 88' lang='lat' dir='ltr'>mater,</span> <span class='ocrx_word' id='word_1_95' title='bbox 1765 1238 1932 1279; x_wconf 88' lang='lat' dir='ltr'>foemina</span> 
     </span>
     <span class='ocr_line' id='line_1_15' title="bbox 568 1296 1934 1353; baseline -0.002 -14"><span class='ocrx_word' id='word_1_96' title='bbox 568 1299 892 1353; x_wconf 89' lang='lat' dir='ltr'>incomparabilis</span> <span class='ocrx_word' id='word_1_97' title='bbox 911 1299 989 1339; x_wconf 89' lang='lat' dir='ltr'>fide</span> <span class='ocrx_word' id='word_1_98' title='bbox 1011 1299 1049 1339; x_wconf 70' lang='grc' dir='ltr'>δε</span> <span class='ocrx_word' id='word_1_99' title='bbox 1069 1299 1264 1353; x_wconf 80' lang='lat' dir='ltr'>religione</span> <span class='ocrx_word' id='word_1_100' title='bbox 1281 1300 1418 1350; x_wconf 90' lang='lat' dir='ltr'>animi,</span> <span class='ocrx_word' id='word_1_101' title='bbox 1434 1313 1479 1338; x_wconf 90' lang='lat' dir='ltr'>ac</span> <span class='ocrx_word' id='word_1_102' title='bbox 1494 1297 1793 1352; x_wconf 88' lang='lat' dir='ltr'>magnificentia</span> <span class='ocrx_word' id='word_1_103' title='bbox 1808 1296 1934 1350; x_wconf 79' lang='lat' dir='ltr'>singu-</span> 
     </span>
     <span class='ocr_line' id='line_1_16' title="bbox 567 1355 1936 1410; baseline -0.003 -12"><span class='ocrx_word' id='word_1_104' title='bbox 567 1359 653 1410; x_wconf 86' lang='lat' dir='ltr'>lari,</span> <span class='ocrx_word' id='word_1_105' title='bbox 669 1361 782 1398; x_wconf 90' lang='lat' dir='ltr'>cuius</span> <span class='ocrx_word' id='word_1_106' title='bbox 804 1360 887 1398; x_wconf 90' lang='lat' dir='ltr'>iure</span> <span class='ocrx_word' id='word_1_107' title='bbox 909 1357 1198 1399; x_wconf 90' lang='lat' dir='ltr'>Constantinus</span> <span class='ocrx_word' id='word_1_108' title='bbox 1220 1358 1259 1398; x_wconf 88' lang='lat'>&amp;</span> <span class='ocrx_word' id='word_1_109' title='bbox 1279 1356 1373 1398; x_wconf 85' lang='lat' dir='ltr'>effet</span> <span class='ocrx_word' id='word_1_110' title='bbox 1391 1357 1496 1398; x_wconf 88' lang='lat' dir='ltr'>filius</span> <span class='ocrx_word' id='word_1_111' title='bbox 1517 1357 1556 1398; x_wconf 72' lang='grc' dir='ltr'>δι</span> <span class='ocrx_word' id='word_1_112' title='bbox 1576 1356 1818 1406; x_wconf 85' lang='lat' dir='ltr'>crederetur,</span> <span class='ocrx_word' id='word_1_113' title='bbox 1833 1355 1936 1395; x_wconf 93' lang='lat' dir='ltr'>divi-</span> 
     </span>
     <span class='ocr_line' id='line_1_17' title="bbox 567 1414 1936 1475; baseline -0.002 -17"><span class='ocrx_word' id='word_1_114' title='bbox 567 1419 627 1458; x_wconf 86' lang='lat' dir='ltr'>nis</span> <span class='ocrx_word' id='word_1_115' title='bbox 649 1418 855 1457; x_wconf 89' lang='lat' dir='ltr'>admonita</span> <span class='ocrx_word' id='word_1_116' title='bbox 881 1415 1111 1468; x_wconf 85' lang='lat' dir='ltr'>visionibus,</span> <span class='ocrx_word' id='word_1_117' title='bbox 1140 1417 1399 1475; x_wconf 78' lang='lat' dir='ltr'>lerosolymam</span> <span class='ocrx_word' id='word_1_118' title='bbox 1421 1417 1535 1470; x_wconf 89' lang='lat' dir='ltr'>petit,</span> <span class='ocrx_word' id='word_1_119' title='bbox 1567 1426 1687 1470; x_wconf 87' lang='lat' dir='ltr'>atque</span> <span class='ocrx_word' id='word_1_120' title='bbox 1716 1415 1771 1454; x_wconf 91' lang='lat' dir='ltr'>ibi</span> <span class='ocrx_word' id='word_1_121' title='bbox 1799 1414 1936 1455; x_wconf 88' lang='lat' dir='ltr'>locum</span> 
     </span>
     <span class='ocr_line' id='line_1_18' title="bbox 568 1475 1937 1530; baseline -0.002 -14"><span class='ocrx_word' id='word_1_122' title='bbox 568 1478 607 1516; x_wconf 91' lang='lat' dir='ltr'>in</span> <span class='ocrx_word' id='word_1_123' title='bbox 629 1491 710 1529; x_wconf 94' lang='lat' dir='ltr'>quo</span> <span class='ocrx_word' id='word_1_124' title='bbox 732 1476 1024 1515; x_wconf 64' lang='lat' dir='ltr'>sacrosanctum</span> <span class='ocrx_word' id='word_1_125' title='bbox 1044 1491 1194 1530; x_wconf 91' lang='lat' dir='ltr'>corpus</span> <span class='ocrx_word' id='word_1_126' title='bbox 1216 1475 1364 1517; x_wconf 90' lang='lat' dir='ltr'>Christi</span> <span class='ocrx_word' id='word_1_127' title='bbox 1395 1475 1575 1529; x_wconf 92' lang='lat' dir='ltr'>patibulo</span> <span class='ocrx_word' id='word_1_128' title='bbox 1601 1475 1765 1515; x_wconf 87' lang='lat' dir='ltr'>affixum</span> <span class='ocrx_word' id='word_1_129' title='bbox 1785 1488 1937 1527; x_wconf 90' lang='lat' dir='ltr'>pepen-</span> 
     </span>
     <span class='ocr_line' id='line_1_19' title="bbox 568 1532 1938 1591; baseline -0.002 -17"><span class='ocrx_word' id='word_1_130' title='bbox 568 1536 690 1585; x_wconf 85' lang='lat' dir='ltr'>derat,</span> <span class='ocrx_word' id='word_1_131' title='bbox 711 1535 758 1574; x_wconf 93' lang='lat' dir='ltr'>ab</span> <span class='ocrx_word' id='word_1_132' title='bbox 779 1534 924 1574; x_wconf 89' lang='lat' dir='ltr'>incolis</span> <span class='ocrx_word' id='word_1_133' title='bbox 946 1535 1155 1588; x_wconf 89' lang='lat' dir='ltr'>perquirit.</span> <span class='ocrx_word' id='word_1_134' title='bbox 1191 1534 1280 1591; x_wconf 73' lang='lat' dir='ltr'>Qui</span> <span class='ocrx_word' id='word_1_135' title='bbox 1301 1534 1455 1574; x_wconf 91' lang='lat' dir='ltr'>idcirco</span> <span class='ocrx_word' id='word_1_136' title='bbox 1477 1535 1524 1574; x_wconf 93' lang='lat' dir='ltr'>ad</span> <span class='ocrx_word' id='word_1_137' title='bbox 1546 1532 1835 1574; x_wconf 89' lang='lat' dir='ltr'>inveniendum</span> <span class='ocrx_word' id='word_1_138' title='bbox 1862 1532 1938 1572; x_wconf 88' lang='lat' dir='ltr'>dif-</span> 
     </span>
     <span class='ocr_line' id='line_1_20' title="bbox 565 1591 1936 1646; baseline -0.001 -15"><span class='ocrx_word' id='word_1_139' title='bbox 565 1592 681 1632; x_wconf 87' lang='lat' dir='ltr'>ficilis</span> <span class='ocrx_word' id='word_1_140' title='bbox 702 1603 800 1644; x_wconf 90' lang='lat' dir='ltr'>erat,</span> <span class='ocrx_word' id='word_1_141' title='bbox 821 1592 930 1646; x_wconf 90' lang='lat' dir='ltr'>quod</span> <span class='ocrx_word' id='word_1_142' title='bbox 953 1593 1001 1632; x_wconf 92' lang='lat' dir='ltr'>ab</span> <span class='ocrx_word' id='word_1_143' title='bbox 1022 1593 1196 1646; x_wconf 87' lang='lat' dir='ltr'>antiquis</span> <span class='ocrx_word' id='word_1_144' title='bbox 1219 1592 1540 1646; x_wconf 86' lang='lat' dir='ltr'>persecutoribus</span> <span class='ocrx_word' id='word_1_145' title='bbox 1561 1591 1815 1632; x_wconf 80' lang='lat' dir='ltr'>simulacrum</span> <span class='ocrx_word' id='word_1_146' title='bbox 1830 1591 1871 1631; x_wconf 91' lang='lat' dir='ltr'>in</span> <span class='ocrx_word' id='word_1_147' title='bbox 1887 1604 1936 1629; x_wconf 91' lang='lat' dir='ltr'>eo</span> 
     </span>
     <span class='ocr_line' id='line_1_21' title="bbox 567 1648 1936 1706; baseline -0.001 -15"><span class='ocrx_word' id='word_1_148' title='bbox 567 1651 739 1691; x_wconf 86' lang='lat' dir='ltr'>Veneris</span> <span class='ocrx_word' id='word_1_149' title='bbox 760 1651 891 1691; x_wconf 89' lang='lat' dir='ltr'>fuerat</span> <span class='ocrx_word' id='word_1_150' title='bbox 911 1650 1101 1703; x_wconf 81' lang='lat' dir='ltr'>defixum,</span> <span class='ocrx_word' id='word_1_151' title='bbox 1123 1662 1167 1692; x_wconf 88' lang='lat' dir='ltr'>ut</span> <span class='ocrx_word' id='word_1_152' title='bbox 1187 1649 1213 1690; x_wconf 89' lang='lat' dir='ltr'>fi</span> <span class='ocrx_word' id='word_1_153' title='bbox 1234 1652 1323 1706; x_wconf 89' lang='lat' dir='ltr'>quis</span> <span class='ocrx_word' id='word_1_154' title='bbox 1345 1651 1671 1692; x_wconf 90' lang='lat' dir='ltr'>Christianorum</span> <span class='ocrx_word' id='word_1_155' title='bbox 1691 1650 1731 1690; x_wconf 89' lang='lat' dir='ltr'>in</span> <span class='ocrx_word' id='word_1_156' title='bbox 1752 1649 1845 1690; x_wconf 93' lang='lat' dir='ltr'>loco</span> <span class='ocrx_word' id='word_1_157' title='bbox 1867 1648 1936 1689; x_wconf 91' lang='lat' dir='ltr'>illo</span> 
     </span>
     <span class='ocr_line' id='line_1_22' title="bbox 569 1706 1939 1762; baseline -0.002 -12"><span class='ocrx_word' id='word_1_158' title='bbox 569 1708 776 1750; x_wconf 89' lang='lat' dir='ltr'>Christum</span> <span class='ocrx_word' id='word_1_159' title='bbox 801 1709 966 1750; x_wconf 90' lang='lat' dir='ltr'>adorare</span> <span class='ocrx_word' id='word_1_160' title='bbox 992 1709 1190 1762; x_wconf 70' lang='lat' dir='ltr'>voluiss‘et,</span> <span class='ocrx_word' id='word_1_161' title='bbox 1220 1711 1426 1751; x_wconf 88' lang='lat' dir='ltr'>Venerem</span> <span class='ocrx_word' id='word_1_162' title='bbox 1445 1711 1650 1750; x_wconf 89' lang='lat' dir='ltr'>videretur</span> <span class='ocrx_word' id='word_1_163' title='bbox 1675 1710 1854 1749; x_wconf 90' lang='lat' dir='ltr'>adorare.</span> <span class='ocrx_word' id='word_1_164' title='bbox 1883 1706 1939 1747; x_wconf 91' lang='lat' dir='ltr'>Et</span> 
     </span>
     <span class='ocr_line' id='line_1_23' title="bbox 569 1767 1937 1823; baseline 0 -16"><span class='ocrx_word' id='word_1_165' title='bbox 569 1768 620 1808; x_wconf 91' lang='lat' dir='ltr'>ob</span> <span class='ocrx_word' id='word_1_166' title='bbox 640 1769 720 1807; x_wconf 93' lang='lat' dir='ltr'>hoc</span> <span class='ocrx_word' id='word_1_167' title='bbox 741 1769 973 1822; x_wconf 90' lang='lat' dir='ltr'>infrequens</span> <span class='ocrx_word' id='word_1_168' title='bbox 994 1769 1032 1809; x_wconf 70' lang='grc' dir='ltr'>δε</span> <span class='ocrx_word' id='word_1_169' title='bbox 1053 1784 1156 1823; x_wconf 91' lang='lat' dir='ltr'>pene</span> <span class='ocrx_word' id='word_1_170' title='bbox 1177 1769 1373 1809; x_wconf 91' lang='lat' dir='ltr'>oblivioni</span> <span class='ocrx_word' id='word_1_171' title='bbox 1405 1770 1519 1810; x_wconf 90' lang='lat' dir='ltr'>datus</span> <span class='ocrx_word' id='word_1_172' title='bbox 1550 1770 1680 1809; x_wconf 88' lang='lat' dir='ltr'>fuerat</span> <span class='ocrx_word' id='word_1_173' title='bbox 1704 1768 1830 1808; x_wconf 91' lang='lat' dir='ltr'>locus.</span> <span class='ocrx_word' id='word_1_174' title='bbox 1861 1767 1937 1808; x_wconf 89' lang='lat' dir='ltr'>Sed</span> 
     </span>
     <span class='ocr_line' id='line_1_24' title="bbox 569 1822 1939 1883; baseline 0 -17"><span class='ocrx_word' id='word_1_175' title='bbox 569 1842 676 1878; x_wconf 88' lang='lat' dir='ltr'>cum,</span> <span class='ocrx_word' id='word_1_176' title='bbox 688 1838 732 1867; x_wconf 90' lang='lat' dir='ltr'>ut</span> <span class='ocrx_word' id='word_1_177' title='bbox 750 1827 865 1880; x_wconf 89' lang='lat' dir='ltr'>supra</span> <span class='ocrx_word' id='word_1_178' title='bbox 881 1828 1069 1880; x_wconf 83' lang='lat' dir='ltr'>diximus,</span> <span class='ocrx_word' id='word_1_179' title='bbox 1084 1829 1265 1883; x_wconf 91' lang='lat' dir='ltr'>religiosa</span> <span class='ocrx_word' id='word_1_180' title='bbox 1280 1830 1448 1870; x_wconf 87' lang='lat' dir='ltr'>foemina</span> <span class='ocrx_word' id='word_1_181' title='bbox 1469 1822 1713 1882; x_wconf 80' lang='lat' dir='ltr'>properaffet</span> <span class='ocrx_word' id='word_1_182' title='bbox 1732 1827 1780 1867; x_wconf 91' lang='lat' dir='ltr'>ad</span> <span class='ocrx_word' id='word_1_183' title='bbox 1801 1827 1939 1867; x_wconf 89' lang='lat' dir='ltr'>locum</span> 
     </span>
     <span class='ocr_line' id='line_1_25' title="bbox 569 1884 1938 1942; baseline -0.001 -16"><span class='ocrx_word' id='word_1_184' title='bbox 569 1886 719 1927; x_wconf 89' lang='lat' dir='ltr'>coelesti</span> <span class='ocrx_word' id='word_1_185' title='bbox 741 1884 809 1926; x_wconf 88' lang='lat' dir='ltr'>fibi</span> <span class='ocrx_word' id='word_1_186' title='bbox 831 1886 981 1926; x_wconf 90' lang='lat' dir='ltr'>indicio</span> <span class='ocrx_word' id='word_1_187' title='bbox 999 1886 1260 1942; x_wconf 81' lang='lat' dir='ltr'>designatum,</span> <span class='ocrx_word' id='word_1_188' title='bbox 1274 1888 1419 1928; x_wconf 67' lang='lat' dir='ltr'>cuncta</span> <span class='ocrx_word' id='word_1_189' title='bbox 1435 1902 1483 1927; x_wconf 88' lang='lat' dir='ltr'>ex</span> <span class='ocrx_word' id='word_1_190' title='bbox 1500 1903 1548 1928; x_wconf 93' lang='lat' dir='ltr'>eo</span> <span class='ocrx_word' id='word_1_191' title='bbox 1567 1888 1778 1941; x_wconf 89' lang='lat' dir='ltr'>prophana</span> <span class='ocrx_word' id='word_1_192' title='bbox 1792 1886 1831 1927; x_wconf 88' lang='lat'>&amp;</span> <span class='ocrx_word' id='word_1_193' title='bbox 1848 1885 1938 1939; x_wconf 95' lang='lat' dir='ltr'>pol-</span> 
     </span>
    </p>
   </div>
   <div class='ocr_carea' id='block_1_9' title="bbox 570 1944 1936 2057">
    <p class='ocr_par' dir='ltr' id='par_1_9' title="bbox 570 1944 1936 2057">
     <span class='ocr_line' id='line_1_26' title="bbox 570 1944 1936 2001; baseline 0 -17"><span class='ocrx_word' id='word_1_194' title='bbox 570 1945 652 1984; x_wconf 88' lang='lat' dir='ltr'>luta</span> <span class='ocrx_word' id='word_1_195' title='bbox 673 1945 902 1996; x_wconf 86' lang='lat' dir='ltr'>deturbans,</span> <span class='ocrx_word' id='word_1_196' title='bbox 923 1947 962 1986; x_wconf 91' lang='lat' dir='ltr'>in</span> <span class='ocrx_word' id='word_1_197' title='bbox 990 1946 1117 1986; x_wconf 90' lang='lat' dir='ltr'>altum</span> <span class='ocrx_word' id='word_1_198' title='bbox 1138 1948 1316 2001; x_wconf 87' lang='lat' dir='ltr'>purgatis</span> <span class='ocrx_word' id='word_1_199' title='bbox 1335 1947 1561 1998; x_wconf 87' lang='lat' dir='ltr'>ruderibus,</span> <span class='ocrx_word' id='word_1_200' title='bbox 1580 1956 1661 1986; x_wconf 90' lang='lat' dir='ltr'>tres</span> <span class='ocrx_word' id='word_1_201' title='bbox 1682 1944 1848 1986; x_wconf 92' lang='lat' dir='ltr'>confuso</span> <span class='ocrx_word' id='word_1_202' title='bbox 1871 1957 1936 1984; x_wconf 88' lang='lat' dir='ltr'>or-</span> 
     </span>
     <span class='ocr_line' id='line_1_27' title="bbox 571 2005 1056 2057; baseline 0.006 -14"><span class='ocrx_word' id='word_1_203' title='bbox 571 2005 663 2044; x_wconf 92' lang='lat' dir='ltr'>dine</span> <span class='ocrx_word' id='word_1_204' title='bbox 683 2005 831 2057; x_wconf 88' lang='lat' dir='ltr'>reperit</span> <span class='ocrx_word' id='word_1_205' title='bbox 850 2019 991 2045; x_wconf 91' lang='lat' dir='ltr'>cruces</span> <span class='ocrx_word' id='word_1_206' title='bbox 995 2036 1056 2046; x_wconf 90' lang='grc'><strong>.....</strong></span> 
     </span>
    </p>
   </div>
   <div class='ocr_carea' id='block_1_10' title="bbox 571 2062 1955 2828">
    <p class='ocr_par' dir='ltr' id='par_1_10' title="bbox 571 2062 1955 2828">
     <span class='ocr_line' id='line_1_28' title="bbox 627 2062 1939 2118; baseline 0.001 -17"><span class='ocrx_word' id='word_1_207' title='bbox 627 2081 642 2100; x_wconf 85' lang='lat'>«</span> <span class='ocrx_word' id='word_1_208' title='bbox 668 2063 743 2103; x_wconf 84' lang='lat' dir='ltr'>Sed</span> <span class='ocrx_word' id='word_1_209' title='bbox 765 2064 1006 2104; x_wconf 90' lang='lat' dir='ltr'>obturbabat</span> <span class='ocrx_word' id='word_1_210' title='bbox 1035 2065 1179 2118; x_wconf 89' lang='lat' dir='ltr'>reperti</span> <span class='ocrx_word' id='word_1_211' title='bbox 1208 2065 1385 2104; x_wconf 90' lang='lat' dir='ltr'>muneris</span> <span class='ocrx_word' id='word_1_212' title='bbox 1415 2064 1596 2104; x_wconf 87' lang='lat' dir='ltr'>laetitiam</span> <span class='ocrx_word' id='word_1_213' title='bbox 1633 2062 1939 2116; x_wconf 89' lang='lat' dir='ltr'>uniuscuiusque</span> 
     </span>
     <span class='ocr_line' id='line_1_29' title="bbox 571 2121 1940 2177; baseline -0.001 -14"><span class='ocrx_word' id='word_1_214' title='bbox 571 2123 700 2163; x_wconf 91' lang='lat' dir='ltr'>crucis</span> <span class='ocrx_word' id='word_1_215' title='bbox 731 2121 938 2162; x_wconf 87' lang='lat' dir='ltr'>indiscreta</span> <span class='ocrx_word' id='word_1_216' title='bbox 967 2125 1202 2176; x_wconf 89' lang='lat' dir='ltr'>proprietas.</span> <span class='ocrx_word' id='word_1_217' title='bbox 1237 2124 1391 2164; x_wconf 89' lang='lat' dir='ltr'>Aderat</span> <span class='ocrx_word' id='word_1_218' title='bbox 1423 2124 1589 2177; x_wconf 88' lang='lat' dir='ltr'>quidem</span> <span class='ocrx_word' id='word_1_219' title='bbox 1622 2123 1660 2163; x_wconf 88' lang='lat'>&amp;</span> <span class='ocrx_word' id='word_1_220' title='bbox 1689 2122 1827 2162; x_wconf 84' lang='lat' dir='ltr'>titulus</span> <span class='ocrx_word' id='word_1_221' title='bbox 1859 2121 1940 2171; x_wconf 91' lang='lat' dir='ltr'>ille,</span> 
     </span>
     <span class='ocr_line' id='line_1_30' title="bbox 572 2180 1955 2236; baseline 0.001 -17"><span class='ocrx_word' id='word_1_222' title='bbox 572 2181 640 2235; x_wconf 90' lang='lat' dir='ltr'>qui</span> <span class='ocrx_word' id='word_1_223' title='bbox 663 2180 823 2223; x_wconf 82' lang='lat' dir='ltr'>Graecis</span> <span class='ocrx_word' id='word_1_224' title='bbox 845 2181 882 2221; x_wconf 88' lang='lat'>&amp;</span> <span class='ocrx_word' id='word_1_225' title='bbox 904 2181 1060 2222; x_wconf 86' lang='lat' dir='ltr'>Latinis</span> <span class='ocrx_word' id='word_1_226' title='bbox 1081 2193 1202 2236; x_wconf 89' lang='lat' dir='ltr'>atque</span> <span class='ocrx_word' id='word_1_227' title='bbox 1223 2182 1434 2222; x_wconf 88' lang='lat' dir='ltr'>Hebraicis</span> <span class='ocrx_word' id='word_1_228' title='bbox 1455 2181 1596 2222; x_wconf 90' lang='lat' dir='ltr'>litteris</span> <span class='ocrx_word' id='word_1_229' title='bbox 1617 2196 1640 2221; x_wconf 90' lang='lat' dir='ltr'>a</span> <span class='ocrx_word' id='word_1_230' title='bbox 1661 2180 1790 2221; x_wconf 88' lang='lat' dir='ltr'>Pilato</span> <span class='ocrx_word' id='word_1_231' title='bbox 1812 2181 1955 2221; x_wconf 82' lang='lat' dir='ltr'>fuerat&#39;</span> 
     </span>
     <span class='ocr_line' id='line_1_31' title="bbox 572 2239 1940 2295; baseline 0.001 -15"><span class='ocrx_word' id='word_1_232' title='bbox 572 2239 843 2294; x_wconf 86' lang='lat' dir='ltr'>conscriptus;</span> <span class='ocrx_word' id='word_1_233' title='bbox 873 2240 936 2280; x_wconf 89' lang='lat' dir='ltr'>sed</span> <span class='ocrx_word' id='word_1_234' title='bbox 957 2255 1032 2280; x_wconf 91' lang='lat' dir='ltr'>nec</span> <span class='ocrx_word' id='word_1_235' title='bbox 1054 2242 1133 2295; x_wconf 91' lang='lat' dir='ltr'>ipse</span> <span class='ocrx_word' id='word_1_236' title='bbox 1162 2241 1249 2282; x_wconf 88' lang='lat' dir='ltr'>satis</span> <span class='ocrx_word' id='word_1_237' title='bbox 1280 2241 1488 2281; x_wconf 82' lang='lat' dir='ltr'>evidenter</span> <span class='ocrx_word' id='word_1_238' title='bbox 1511 2241 1723 2281; x_wconf 86' lang='lat' dir='ltr'>Dominici</span> <span class='ocrx_word' id='word_1_239' title='bbox 1746 2240 1940 2293; x_wconf 91' lang='lat' dir='ltr'>prodebat</span> 
     </span>
     <span class='ocr_line' id='line_1_32' title="bbox 573 2299 1941 2354; baseline -0.001 -15"><span class='ocrx_word' id='word_1_240' title='bbox 573 2300 679 2353; x_wconf 86' lang='lat' dir='ltr'>figna</span> <span class='ocrx_word' id='word_1_241' title='bbox 716 2299 896 2353; x_wconf 89' lang='lat' dir='ltr'>patibuli.</span> <span class='ocrx_word' id='word_1_242' title='bbox 931 2300 1040 2339; x_wconf 89' lang='lat' dir='ltr'>Hinc</span> <span class='ocrx_word' id='word_1_243' title='bbox 1080 2301 1160 2340; x_wconf 91' lang='lat' dir='ltr'>iam</span> <span class='ocrx_word' id='word_1_244' title='bbox 1199 2301 1386 2340; x_wconf 87' lang='lat' dir='ltr'>humanae</span> <span class='ocrx_word' id='word_1_245' title='bbox 1420 2300 1691 2354; x_wconf 84' lang='lat' dir='ltr'>ambiguitatis</span> <span class='ocrx_word' id='word_1_246' title='bbox 1725 2300 1941 2350; x_wconf 89' lang='lat' dir='ltr'>incertum,</span> 
     </span>
     <span class='ocr_line' id='line_1_33' title="bbox 574 2357 1942 2413; baseline -0.001 -15"><span class='ocrx_word' id='word_1_247' title='bbox 574 2359 756 2399; x_wconf 89' lang='lat' dir='ltr'>divinum</span> <span class='ocrx_word' id='word_1_248' title='bbox 776 2359 927 2413; x_wconf 85' lang='lat' dir='ltr'>flagitat</span> <span class='ocrx_word' id='word_1_249' title='bbox 948 2359 1232 2399; x_wconf 91' lang='lat' dir='ltr'>testimonium.</span> <span class='ocrx_word' id='word_1_250' title='bbox 1264 2359 1430 2399; x_wconf 89' lang='lat' dir='ltr'>Accidit</span> <span class='ocrx_word' id='word_1_251' title='bbox 1449 2360 1490 2398; x_wconf 89' lang='lat' dir='ltr'>in</span> <span class='ocrx_word' id='word_1_252' title='bbox 1511 2359 1652 2399; x_wconf 91' lang='lat' dir='ltr'>eadem</span> <span class='ocrx_word' id='word_1_253' title='bbox 1674 2358 1771 2398; x_wconf 90' lang='lat' dir='ltr'>urbe</span> <span class='ocrx_word' id='word_1_254' title='bbox 1793 2357 1942 2411; x_wconf 90' lang='lat' dir='ltr'>prima-</span> 
     </span>
     <span class='ocr_line' id='line_1_34' title="bbox 574 2416 1940 2471; baseline -0.001 -13"><span class='ocrx_word' id='word_1_255' title='bbox 574 2418 674 2458; x_wconf 87' lang='lat' dir='ltr'>riam</span> <span class='ocrx_word' id='word_1_256' title='bbox 695 2418 896 2471; x_wconf 88' lang='lat' dir='ltr'>quandam</span> <span class='ocrx_word' id='word_1_257' title='bbox 917 2419 997 2458; x_wconf 83' lang='lat' dir='ltr'>loci</span> <span class='ocrx_word' id='word_1_258' title='bbox 1018 2418 1123 2458; x_wconf 87' lang='lat' dir='ltr'>illius</span> <span class='ocrx_word' id='word_1_259' title='bbox 1144 2418 1369 2469; x_wconf 91' lang='lat' dir='ltr'>foeminam,</span> <span class='ocrx_word' id='word_1_260' title='bbox 1388 2419 1496 2471; x_wconf 88' lang='lat' dir='ltr'>gravi</span> <span class='ocrx_word' id='word_1_261' title='bbox 1517 2417 1754 2471; x_wconf 79' lang='lat' dir='ltr'>aegritudine</span> <span class='ocrx_word' id='word_1_262' title='bbox 1775 2416 1940 2456; x_wconf 89' lang='lat' dir='ltr'>confec-</span> 
     </span>
     <span class='ocr_line' id='line_1_35' title="bbox 575 2474 1941 2531; baseline 0 -16"><span class='ocrx_word' id='word_1_263' title='bbox 575 2487 670 2526; x_wconf 87' lang='lat' dir='ltr'>tam,</span> <span class='ocrx_word' id='word_1_264' title='bbox 699 2476 939 2516; x_wconf 88' lang='lat' dir='ltr'>seminecem</span> <span class='ocrx_word' id='word_1_265' title='bbox 960 2477 1103 2517; x_wconf 88' lang='lat' dir='ltr'>iacere.</span> <span class='ocrx_word' id='word_1_266' title='bbox 1133 2476 1343 2517; x_wconf 88' lang='lat' dir='ltr'>Macarius</span> <span class='ocrx_word' id='word_1_267' title='bbox 1366 2492 1436 2531; x_wconf 90' lang='lat' dir='ltr'>per</span> <span class='ocrx_word' id='word_1_268' title='bbox 1457 2477 1565 2517; x_wconf 91' lang='lat' dir='ltr'>idem</span> <span class='ocrx_word' id='word_1_269' title='bbox 1587 2487 1745 2530; x_wconf 88' lang='lat' dir='ltr'>tempus</span> <span class='ocrx_word' id='word_1_270' title='bbox 1767 2474 1941 2516; x_wconf 82' lang='lat' dir='ltr'>ecclesiae</span> 
     </span>
     <span class='ocr_line' id='line_1_36' title="bbox 575 2535 1940 2590; baseline 0 -14"><span class='ocrx_word' id='word_1_271' title='bbox 575 2537 681 2576; x_wconf 89' lang='lat' dir='ltr'>illius</span> <span class='ocrx_word' id='word_1_272' title='bbox 697 2536 906 2590; x_wconf 90' lang='lat' dir='ltr'>episcopus</span> <span class='ocrx_word' id='word_1_273' title='bbox 924 2548 1019 2577; x_wconf 90' lang='lat' dir='ltr'>erat.</span> <span class='ocrx_word' id='word_1_274' title='bbox 1036 2535 1088 2587; x_wconf 92' lang='lat' dir='ltr'>Is,</span> <span class='ocrx_word' id='word_1_275' title='bbox 1105 2537 1170 2576; x_wconf 94' lang='lat' dir='ltr'>ubi</span> <span class='ocrx_word' id='word_1_276' title='bbox 1189 2537 1448 2576; x_wconf 64' lang='lat' dir='ltr'>cunctantem</span> <span class='ocrx_word' id='word_1_277' title='bbox 1465 2536 1645 2590; x_wconf 86' lang='lat' dir='ltr'>reginam</span> <span class='ocrx_word' id='word_1_278' title='bbox 1661 2546 1781 2590; x_wconf 91' lang='lat' dir='ltr'>atque</span> <span class='ocrx_word' id='word_1_279' title='bbox 1799 2550 1940 2576; x_wconf 90' lang='lat' dir='ltr'>omnes</span> 
     </span>
     <span class='ocr_line' id='line_1_37' title="bbox 578 2595 1941 2649; baseline -0.001 -14"><span class='ocrx_word' id='word_1_280' title='bbox 578 2596 725 2649; x_wconf 86' lang='lat' dir='ltr'>pariter</span> <span class='ocrx_word' id='word_1_281' title='bbox 750 2596 818 2649; x_wconf 89' lang='lat' dir='ltr'>qui</span> <span class='ocrx_word' id='word_1_282' title='bbox 849 2596 1011 2635; x_wconf 90' lang='lat' dir='ltr'>aderant</span> <span class='ocrx_word' id='word_1_283' title='bbox 1033 2597 1161 2635; x_wconf 91' lang='lat' dir='ltr'>videt:</span> <span class='ocrx_word' id='word_1_284' title='bbox 1195 2612 1210 2632; x_wconf 87' lang='lat'>«</span> <span class='ocrx_word' id='word_1_285' title='bbox 1236 2595 1420 2646; x_wconf 88' lang='lat' dir='ltr'>Adferte,</span> <span class='ocrx_word' id='word_1_286' title='bbox 1450 2595 1594 2649; x_wconf 90' lang='lat' dir='ltr'>inquit,</span> <span class='ocrx_word' id='word_1_287' title='bbox 1614 2595 1693 2634; x_wconf 91' lang='lat' dir='ltr'>huc</span> <span class='ocrx_word' id='word_1_288' title='bbox 1713 2605 1831 2645; x_wconf 92' lang='lat' dir='ltr'>totas,</span> <span class='ocrx_word' id='word_1_289' title='bbox 1851 2609 1941 2649; x_wconf 90' lang='lat' dir='ltr'>quae</span> 
     </span>
     <span class='ocr_line' id='line_1_38' title="bbox 579 2653 1943 2708; baseline 0.001 -16"><span class='ocrx_word' id='word_1_290' title='bbox 579 2673 594 2692; x_wconf 80' lang='lat'>«</span> <span class='ocrx_word' id='word_1_291' title='bbox 617 2666 785 2708; x_wconf 84' lang='lat' dir='ltr'>repertae</span> <span class='ocrx_word' id='word_1_292' title='bbox 807 2654 906 2705; x_wconf 91' lang='lat' dir='ltr'>sunt,</span> <span class='ocrx_word' id='word_1_293' title='bbox 926 2669 1081 2706; x_wconf 84' lang='lat' dir='ltr'>cruces,</span> <span class='ocrx_word' id='word_1_294' title='bbox 1100 2654 1138 2694; x_wconf 88' lang='lat'>&amp;</span> <span class='ocrx_word' id='word_1_295' title='bbox 1159 2670 1249 2708; x_wconf 86' lang='lat' dir='ltr'>quae</span> <span class='ocrx_word' id='word_1_296' title='bbox 1277 2655 1321 2694; x_wconf 87' lang='lat' dir='ltr'>fit</span> <span class='ocrx_word' id='word_1_297' title='bbox 1347 2670 1436 2708; x_wconf 90' lang='lat' dir='ltr'>quae</span> <span class='ocrx_word' id='word_1_298' title='bbox 1458 2654 1676 2708; x_wconf 89' lang='lat' dir='ltr'>portaverit</span> <span class='ocrx_word' id='word_1_299' title='bbox 1697 2653 1943 2705; x_wconf 91' lang='lat' dir='ltr'>Dominum,</span> 
     </span>
     <span class='ocr_line' id='line_1_39' title="bbox 582 2712 1943 2767; baseline 0.001 -15"><span class='ocrx_word' id='word_1_300' title='bbox 582 2732 595 2751; x_wconf 82' lang='lat'>«</span> <span class='ocrx_word' id='word_1_301' title='bbox 616 2728 723 2753; x_wconf 90' lang='lat' dir='ltr'>nunc</span> <span class='ocrx_word' id='word_1_302' title='bbox 739 2714 854 2754; x_wconf 91' lang='lat' dir='ltr'>nobis</span> <span class='ocrx_word' id='word_1_303' title='bbox 871 2715 1075 2767; x_wconf 88' lang='lat' dir='ltr'>adaperiet</span> <span class='ocrx_word' id='word_1_304' title='bbox 1091 2713 1206 2754; x_wconf 91' lang='lat' dir='ltr'>Deus</span> <span class='ocrx_word' id='word_1_305' title='bbox 1224 2731 1255 2754; x_wconf 86' lang='lat'>».</span> <span class='ocrx_word' id='word_1_306' title='bbox 1268 2713 1322 2754; x_wconf 90' lang='lat' dir='ltr'>Et</span> <span class='ocrx_word' id='word_1_307' title='bbox 1338 2712 1530 2767; x_wconf 85' lang='lat' dir='ltr'>ingreffus</span> <span class='ocrx_word' id='word_1_308' title='bbox 1544 2727 1637 2754; x_wconf 89' lang='lat' dir='ltr'>cum</span> <span class='ocrx_word' id='word_1_309' title='bbox 1649 2714 1788 2767; x_wconf 89' lang='lat' dir='ltr'>regina</span> <span class='ocrx_word' id='word_1_310' title='bbox 1799 2713 1943 2765; x_wconf 89' lang='lat' dir='ltr'>pariter</span> 
     </span>
     <span class='ocr_line' id='line_1_40' title="bbox 580 2771 1940 2828; baseline -0.001 -15"><span class='ocrx_word' id='word_1_311' title='bbox 580 2773 616 2813; x_wconf 72' lang='grc' dir='ltr'>δι</span> <span class='ocrx_word' id='word_1_312' title='bbox 649 2772 808 2825; x_wconf 86' lang='lat' dir='ltr'>populis</span> <span class='ocrx_word' id='word_1_313' title='bbox 830 2773 876 2812; x_wconf 92' lang='lat' dir='ltr'>ad</span> <span class='ocrx_word' id='word_1_314' title='bbox 899 2787 987 2813; x_wconf 87' lang='lat' dir='ltr'>eam</span> <span class='ocrx_word' id='word_1_315' title='bbox 1019 2788 1108 2828; x_wconf 88' lang='lat' dir='ltr'>quae</span> <span class='ocrx_word' id='word_1_316' title='bbox 1129 2773 1409 2824; x_wconf 90' lang='lat' dir='ltr'>decumbebat,</span> <span class='ocrx_word' id='word_1_317' title='bbox 1442 2771 1582 2813; x_wconf 86' lang='lat' dir='ltr'>defixis</span> <span class='ocrx_word' id='word_1_318' title='bbox 1602 2772 1785 2826; x_wconf 83' lang='lat' dir='ltr'>genibus,</span> <span class='ocrx_word' id='word_1_319' title='bbox 1805 2771 1940 2812; x_wconf 89' lang='lat' dir='ltr'>huius-</span> 
     </span>
    </p>
   </div>
  </div>
 </body>
</html>
