2131 3552
609 220 624 250 1
633 218 695 250 02
1214 205 1354 267 (400)

708 359 770 400 Le
790 359 861 410 liu,
881 358 1006 399 l'estre
1025 358 1064 399 δι
1084 358 1122 398 la
1141 368 1245 399 terre
1265 359 1534 399 commenche
1555 372 1577 398 a
1599 358 1754 409 raviser,

706 418 780 459 Vit
799 417 837 457 la
856 428 959 458 terre
980 417 1029 456 de
1049 417 1178 468 Rome,
1197 432 1222 456 u
1244 417 1270 457 il
1291 416 1390 458 fieut
1409 417 1629 458 converser.
1652 434 1667 454 1>

694 543 927 586 [Anonymus,
955 543 1002 574 De
1015 540 1111 583 saint
1132 540 1258 583 Alexis,
1281 542 1363 575 vers.
1387 554 1450 584 312
1478 543 1508 576 &
1527 542 1571 584 s.‚
1600 553 1663 585 325
1687 543 1719 575 &
1738 542 1775 584 s.‚
1797 546 1860 583 376
1881 543 1912 576 &
1930 543 1964 584 s.‚

602 599 665 638 518
685 596 716 630 ,δι
735 595 769 637 s.‚
789 598 852 638 583
873 595 904 627 δι
919 594 939 627 s.
957 595 1073 636 (Herz,
1103 593 1258 637 Desaint
1275 593 1400 637 Alexis,
1424 595 1602 628 Francfurt
1626 594 1731 637 alM.,
1754 599 1853 637 1879,
1881 595 1964 638 ἱππ-4,

599 659 652 693 pp·
676 661 693 691 5
713 649 744 681 &
763 647 823 692 7)-]

655 782 670 803 «
695 763 882 819 Egress‘us
908 776 1043 806 autem
1065 765 1153 819 post
1180 765 1307 805 multa
1334 765 1618 807 consolationis
1640 767 1678 807 &
1699 766 1966 809 edificationis

598 824 730 875 verba,
751 824 912 864 tradidit
931 824 1168 864 vestimenta
1187 823 1253 863 sua
1274 823 1518 877 pauperibus
1539 824 1577 864 δι
1598 825 1678 878 ipse
1698 825 1884 865 viliffimo
1905 827 1966 865 in-

599 883 717 922 dutus
745 883 897 934 habitu,
925 884 1061 922 navim
1082 883 1316 922 conscendit
1335 882 1374 922 δε
1393 893 1515 922 vento
1549 884 1738 936 prospero
1758 884 1879 924 noete
1899 884 1967 924 illa

598 941 637 981 δι
657 941 721 981 die
741 940 919 994 sequenti
942 941 1190 994 deportatus,
1219 942 1406 982 inventus
1427 941 1483 981 est
1502 942 1541 981 in
1563 953 1684 995 portu
1706 943 1847 1000 Pisano
1867 942 1905 982 δε
1926 943 1965 982 in

598 1000 804 1039 civitatem
820 998 1012 1053 ingressus
1028 1000 1213 1040 manibus
1230 1000 1305 1040 suis
1321 1000 1474 1040 vietum
1491 1015 1561 1054 per
1577 1001 1731 1055 aliquot
1752 1002 1836 1042 dies
1857 1016 1967 1055 quae-

598 1057 698 1109 fivit,
719 1059 849 1098 donec
868 1059 967 1098 facie
983 1070 1150 1110 mutata,
1170 1059 1309 1099 colore
1330 1059 1494 1110 fuscato,
1515 1061 1627 1100 crine
1648 1070 1867 1111 attenuato,
1888 1061 1965 1099 iam

597 1131 854 1170 nequaquam
885 1117 934 1157 de
963 1117 1018 1157 sui
1041 1117 1272 1171 proditione
1293 1118 1474 1169 timebat,
1504 1119 1666 1172 ignotus
1696 1119 1734 1158 &
1765 1119 1902 1159 habitu
1929 1118 1967 1158 δι

596 1175 710 1215 vultu
731 1175 769 1215 &
789 1190 890 1216 voce
911 1176 1039 1217 faetus
1067 1176 1106 1216 &
1130 1176 1252 1229 gestu.
1284 1176 1366 1216 Die
1387 1177 1522 1228 altera,
1550 1187 1593 1217 ut
1613 1178 1660 1217 ad
1682 1177 1721 1217 id
1743 1179 1967 1228 redeamus,

596 1249 714 1274 mane
747 1236 795 1274 ad
829 1235 1003 1285 paranda
1037 1235 1320 1275 mundiburdia
1357 1236 1406 1275 ab
1441 1236 1582 1276 amicis
1618 1236 1832 1289 utrobique
1866 1250 1966 1275 con-

596 1304 763 1333 ventum
807 1293 882 1344 est,
929 1294 1041 1347 virgo
1090 1293 1171 1333 sola
1212 1295 1250 1333 in
1298 1293 1481 1334 conclavi
1529 1294 1629 1335 fiens
1668 1294 1706 1335 δε
1744 1294 1966 1335 lamentans

597 1352 811 1391 invenitur.
844 1349 1099 1405 Interrogata
1129 1352 1177 1392 de
1198 1352 1350 1406 sponso,
1372 1353 1440 1392 ubi
1467 1353 1574 1404 esset,
1603 1353 1708 1392 clam
1729 1352 1847 1392 abiffe
1867 1367 1966 1393 con—

597 1410 689 1450 feffa
707 1410 774 1450 est.
805 1409 1013 1464 Requifita
1033 1425 1115 1462 cur,
1147 1411 1242 1452 Deo
1270 1411 1398 1465 ipsum
1428 1412 1570 1452 servire
1603 1427 1648 1452 ac
1681 1422 1845 1466 propter
1873 1426 1966 1451 eum

596 1470 756 1509 exulare
786 1469 889 1509 velle
919 1469 1135 1523 respondit.
1170 1471 1449 1511 Conturbatur
1477 1471 1516 1510 in
1549 1472 1628 1510 hoc
1657 1471 1767 1510 dieto
1797 1482 1909 1523 pater
1928 1470 1966 1511 &

597 1538 725 1568 mater
745 1528 784 1568 &
804 1529 922 1568 amici
956 1543 1097 1568 omnes
1129 1528 1227 1569 flent
1255 1529 1586 1569 &lamentantur
1613 1529 1650 1569 &
1679 1528 1831 1569 eiulant
1859 1530 1965 1582 quafi

596 1597 818 1638 mortuum,
838 1587 997 1628 famulis
1014 1587 1052 1627 &
1069 1587 1284 1628 clientibus
1304 1588 1450 1641 gaudia
1469 1588 1701 1641 nuptiarum
1721 1589 1761 1628 in
1778 1588 1965 1629 funebres

595 1656 889 1686 convertuntur
909 1647 1110 1700 exequias.
1148 1646 1283 1686 Mittit
1312 1661 1361 1686 ex
1391 1645 1558 1686 confilio
1587 1647 1811 1687 amicorum
1839 1646 1967 1687 senior

595 1704 859 1745 Eufemianus
895 1705 933 1744 in
955 1705 1126 1745 diversas
1156 1716 1288 1758 partes
1310 1716 1508 1745 terrarum
1527 1705 1659 1746 servos
1689 1705 1728 1745 ὅτ
1755 1705 1966 1757 ministros,

595 1774 639 1803 ut
661 1764 864 1817 requirant
883 1763 922 1804 &
944 1765 1138 1803 reducant
1158 1763 1301 1804 filium.
1325 1763 1522 1819 Quorum
1543 1764 1623 1804 duo
1646 1764 1696 1804 Pi
1718 1781 1779 1804 am
1799 1766 1967 1805 veniunt

595 1823 633 1863 &
654 1823 775 1876 agniti
808 1823 855 1862 ab
878 1822 1041 1873 Alexio,
1061 1838 1143 1862 non
1165 1833 1299 1862 tamen
1321 1821 1392 1876 ipfi
1423 1837 1515 1862 eum
1536 1823 1796 1876 cognoscunt.
1833 1824 1966 1863 Acce-

598 1882 656 1935 pit
676 1884 725 1921 de
746 1882 932 1921 manibus
953 1882 1131 1935 ipsorum
1147 1880 1421 1933 elemofinam,
1442 1882 1481 1921 in
1501 1882 1580 1921 hoc
1602 1897 1766 1935 quoque
1786 1882 1964 1935 gaudens

598 1958 613 1978 ‹<
635 1941 730 1994 quia
746 1940 795 1980 de
813 1941 1011 1992 manibus,
1032 1941 1176 1994 inquit,
1197 1941 1401 1980 servorum
1423 1955 1609 1981 meorum
1631 1942 1752 1981 hodie
1774 1941 1964 1981 benedic-

597 2016 613 2037 «
635 2001 789 2039 tionem
800 2001 952 2052 accepi,
969 2017 983 2036 »
1000 1999 1203 2056 Quaefitus
1219 2000 1352 2053 itaque
1363 1999 1537 2040 multum
1548 1999 1586 2040 &
1600 2000 1668 2039 diu
1681 2014 1764 2039 non
1777 2000 1964 2039 inventus

596 2060 675 2113 ipse
696 2059 854 2099 ieiuniis
884 2059 923 2099 δι
944 2058 1193 2098 orationibus
1214 2058 1252 2098 δε
1273 2058 1419 2111 vigiliis
1440 2058 1607 2098 vacabat
1627 2058 1747 2097 noete
1768 2057 1807 2098 δε
1827 2057 1905 2109 die,
1925 2058 1964 2098 &

595 2117 789 2158 insolenta
806 2117 888 2172 (fic)
904 2117 1041 2157 labore
1057 2117 1220 2168 fractus,
1235 2128 1430 2171 aegrotare
1447 2116 1743 2170 aliquantulum
1758 2117 1898 2169 coepit,
1914 2117 1963 2157 de

595 2177 674 2216 hoc
690 2177 811 2216 etiam
823 2177 936 2216 laetus
953 2176 1047 2229 quia
1059 2177 1099 2216 in
1113 2177 1254 2216 sudore
1272 2176 1405 2216 vultus
1422 2190 1568 2229 panem
1579 2176 1746 2216 cottidie
1761 2175 1963 2229 accipiens

595 2236 634 2276 δε
655 2237 888 2286 inmutatus,
917 2235 1149 2275 infirmitate
1180 2250 1343 2288 quoque
1374 2235 1422 2275 ad
1445 2235 1661 2288 perfeetam
1682 2234 1737 2274 sui
1758 2235 1963 2288 probatio-

595 2309 690 2334 nem
712 2294 900 2347 temptari
922 2294 1161 2344 merebatur,
1182 2304 1226 2334 ut
1241 2292 1349 2348 quafi
1369 2309 1418 2334 ex
1435 2305 1522 2334 toto
1543 2308 1565 2333 a
1579 2294 1614 2333 se
1630 2294 1711 2347 ipse
1732 2293 1858 2334 faetus
1880 2308 1963 2334 non

596 2353 724 2392 solum
755 2352 854 2404 aliis,
889 2352 943 2393 set
973 2353 1012 2393 &
1031 2353 1186 2392 fibimet
1215 2351 1286 2406 ips1
1308 2353 1385 2392 iam
1416 2351 1510 2393 effet
1538 2353 1704 2392 alienus.
1741 2351 1815 2392 Per
1843 2353 1962 2406 quin-

596 2412 818 2466 quennium
840 2412 894 2451 ibi
915 2423 1107 2462 moratus,
1141 2409 1418 2466 lherosolimam
1448 2412 1660 2451 contendit
1691 2411 1758 2450 ubi
1787 2411 1962 2451 nichilo-

596 2472 728 2510 minus
749 2470 998 2523 septennium
1017 2471 1180 2521 faciens,
1201 2472 1306 2510 unde
1328 2471 1374 2510 ad
1398 2470 1563 2510 Luccam
1592 2470 1752 2522 navigio
1782 2471 1964 2523 pervenit

595 2530 801 2570 civitatem
834 2544 1022 2583 magnam
1055 2530 1093 2570 &
1126 2529 1322 2580 inclitam,
1362 2530 1426 2569 ubi
1465 2530 1598 2583 imago
1634 2528 1806 2568 Domini
1841 2529 1961 2569 nostri

595 2587 710 2628 Ihesu
732 2588 879 2629 Christi
911 2604 933 2628 a
959 2589 1223 2628 Nichodemo
1255 2588 1473 2628 secundum
1503 2589 1588 2628 eius
1614 2586 1834 2640 expressam
1857 2586 1962 2628 fimi-

596 2648 807 2687 litudinem
841 2647 945 2687 facta
976 2658 1168 2698 narratur,
1201 2647 1249 2687 ab
1282 2647 1462 2687 universo
1500 2647 1651 2686 ibidem
1686 2646 1781 2687 orbe
1814 2646 1962 2688 colitur

595 2718 715 2761 atque
735 2706 935 2746 adoratur.
957 2723 973 2744 »
