2131 3552
0 586 45 617 :53
59 587 88 613 a,
106 576 161 605 col.
175 586 192 605 2

0 1991 51 2021 ²53
65 1980 92 2018 b,
109 1982 154 2010 col
187 1991 198 2010 1

830 233 968 298 (417)
1489 249 1568 300 ¹41

213 391 309 430 dum
329 401 425 443 aput
464 391 669 444 piissimam
712 391 889 443 reginam
930 390 1158 431 Eudoxiam
1196 405 1317 444 quam
1356 391 1576 444 disponsare

213 450 373 488 volebat
404 449 592 502 piissimus
621 451 841 502 imperator
870 449 1003 489 noster
1026 450 1345 489 Valentinianus.
1382 451 1575 504 Acceptis

215 508 347 561 itaque
377 507 529 558 litteris,
562 509 833 560 conpungitur
859 508 982 547 corde
1013 508 1049 548 δι
1083 506 1277 548 desiderat
1302 508 1438 548 videre
1465 509 1576 549 suum

213 566 471 616 avunculum,
500 567 674 618 primum
702 566 865 619 quidem
897 578 1058 619 propter
1086 567 1208 620 ipsam
1231 578 1436 619 paternam
1457 567 1578 608 affec-

214 625 380 675 tionem,
409 625 514 664 aliud
552 636 717 677 propter
750 625 927 664 divinam
958 625 1291 678 dispensationem
1323 626 1417 678 quia
1450 627 1579 667 voluit

213 684 391 723 animum
413 684 496 722 eius
524 682 672 722 salvum
702 682 803 732 fieri3
829 696 913 723 erat
940 685 1047 723 enim
1079 684 1208 723 adhuc
1238 684 1409 737 gentilis.
1433 683 1579 740 Quum

213 756 306 795 ergo
337 743 625 795 cogitationem
656 756 756 794 opus
786 742 1098 796 subsequeretur,
1127 742 1212 795 post
1243 757 1362 782 unam
1393 743 1579 796 septima-

213 815 305 840 nam
339 799 467 839 statim
507 800 741 854 egredi[tur]
779 801 826 840 ab
858 799 1116 855 lherosolimis,
1149 801 1338 841 omnibus
1373 802 1514 842 sanius
1545 803 1580 843 se

214 860 504 900 commendans
534 870 577 898 ut
597 873 738 899 omnes
760 870 920 899 orarent
947 874 994 898 ex
1017 858 1110 898 Deo
1133 857 1209 899 effe
1237 861 1338 900 hanc
1364 862 1580 914 cogitatio-

213 932 319 958 nem.
354 917 550 957 Timebat
583 919 691 957 enim
726 917 879 971 semper
913 933 962 957 ne
989 918 1152 971 quando
1179 929 1290 958 extra
1315 919 1580 960 volumtatem

216 977 296 1018 Dei
319 975 468 1029 aliquid
492 987 638 1029 ageret.

271 1052 285 1071 «
311 1033 568 1075 Proficiscens
587 1036 704 1088 igitur
724 1035 895 1089 qualiter
918 1049 985 1088 per
1002 1035 1091 1075 loca
1112 1035 1263 1090 lingula
1278 1036 1342 1076 vel
1363 1038 1545 1077 civitates
1562 1052 1584 1077 a

215 1092 357 1133 sancffls
373 1092 569 1146 episcopis
581 1094 618 1133 &
631 1094 861 1134 hominibus
878 1095 1165 1146 honorabatur,
1177 1097 1265 1149 quis
1280 1094 1408 1148 potest
1424 1096 1583 1136 edicere

216 1163 283 1191 aut
302 1152 431 1191 valeat
452 1166 644 1192 enarrare.
667 1153 839 1192 Videres
861 1167 931 1205 per
953 1151 1123 1206 singulas
1144 1155 1327 1193 civitates
1344 1154 1583 1195 descendere

217 1225 285 1250 eos
315 1211 382 1263 qui
414 1210 550 1251 multis
580 1212 828 1265 temporibus
864 1212 903 1250 in
939 1211 1218 1252 solitudinibus
1248 1212 1584 1253 conversabantur

217 1283 430 1308 occurrere
459 1270 496 1310 δε
516 1270 563 1309 ad
586 1270 805 1310 videndum
827 1271 1113 1323 concupiscere
1135 1285 1256 1325 quam
1280 1272 1493 1312 virtutibus
1514 1287 1585 1312 au-

217 1328 372 1366 dierant
390 1327 651 1368 relucentem.
675 1327 816 1384 Quam
837 1343 963 1382 quum
984 1330 1168 1369 viderent
1188 1329 1308 1369 saneti
1336 1331 1524 1369 monachi
1546 1331 1584 1370 δι

216 1385 404 1437 virgines,
429 1386 617 1426 recedere
637 1387 829 1426 nolebant
852 1388 945 1440 quia
967 1387 1014 1426 de
1038 1387 1142 1427 suavi
1166 1388 1250 1428 eius
1269 1385 1418 1427 visione
1439 1387 1477 1428 &
1497 1388 1583 1428 elo-

217 1444 314 1497 quio
336 1443 423 1483 suos
448 1446 604 1485 animos
620 1460 702 1484 non
724 1445 924 1485 satiabant.
947 1445 1000 1485 Et
1020 1461 1114 1485 cum
1136 1445 1301 1486 venisset
1324 1446 1455 1500 [h]ora
1473 1462 1584 1488 rece-

218 1502 352 1552 dendi,
388 1504 571 1542 omnium
603 1517 671 1556 pre
702 1503 897 1543 desiderio
928 1505 1012 1545 eius
1045 1504 1166 1545 fiebat
1195 1508 1420 1545 commotio
1451 1506 1586 1547 flendi.

221 1562 512 1601 Verumtamen
544 1563 637 1615 quia
658 1562 877 1602 misterium
900 1564 1003 1616 regis
1024 1564 1167 1614 celare,
1204 1563 1282 1603 Dei
1307 1575 1442 1603 autem
1464 1579 1589 1618 opera

216 1619 392 1659 revelare
412 1619 628 1672 gloriosum
651 1620 687 1660 ὅτ,
709 1621 855 1660 iustum
881 1620 948 1672 est,
977 1623 1199 1675 ingreditur
1228 1623 1347 1675 igitur
1372 1623 1589 1663 beatissima

217 1679 257 1718 in
305 1678 487 1733 Tripolim
528 1693 622 1718 cum
666 1680 754 1720 suis.
796 1679 866 1719 Est
899 1691 1035 1720 autem
1074 1680 1155 1720 illic
1199 1682 1432 1734 martyrium
1467 1681 1587 1722 saneti

218 1738 383 1788 Leonti,
416 1738 456 1776 in
478 1752 559 1791 quo
593 1739 728 1790 etiam,
765 1739 1039 1779 intercedente
1075 1739 1209 1779 saneto
1240 1751 1429 1795 martyre,
1463 1742 1589 1781 multa

217 1797 322 1851 signa
341 1796 625 1836 efficiebantur.
645 1797 759 1837 Misit
774 1812 870 1851 ergo
892 1799 944 1837 ibi
967 1799 1094 1849 beata,
1115 1799 1153 1838 &
1174 1800 1269 1852 quia
1289 1799 1416 1838 multa
1435 1802 1589 1840 anima-

218 1857 271 1896 lia
299 1853 515 1895 neceffaria
534 1866 647 1895 erant
676 1857 735 1896 his
765 1858 831 1910 qui
861 1869 974 1897 erant
1003 1872 1097 1897 cum
1123 1873 1182 1909 ea,
1212 1859 1383 1911 contigit
1412 1857 1588 1912 aliquem

219 1915 424 1964 curialem,
455 1913 609 1954 Mesala
629 1915 808 1966 nomine,
828 1916 975 1955 durum
997 1917 1178 1957 invenire
1199 1917 1237 1957 δε
1263 1917 1468 1957 difficilem
1495 1918 1588 1956 dare

219 1974 474 2014 eveffionem
492 1973 565 2013 hac
588 1974 668 2030 (stc)
693 1975 865 2014 tribuere
883 1976 1082 2015 animalia.
1099 1976 1473 2029 Tribulabaturque
1495 1975 1588 2014 bea-

220 2034 361 2074 tiffima
380 2034 418 2074 &
436 2034 693 2087 permanebat
714 2033 848 2073 sancito
871 2035 1020 2074 martiri
1040 2036 1079 2074 in
1101 2036 1286 2074 oratione
1308 2049 1329 2074 a
1348 2034 1509 2087 vespere
1526 2033 1586 2072 us-

219 2108 382 2147 quequo
410 2094 592 2132 venirent
612 2092 813 2143 animalia,
842 2093 879 2133 &
901 2094 1109 2146 egrediens
1132 2093 1395 2147 proficiscitur
1416 2093 1528 2133 simul
1550 2092 1588 2132 &

220 2153 288 2206 qui
317 2167 411 2192 cum
445 2166 492 2192 ea
521 2162 642 2191 erant.
672 2152 946 2205 Necdumque
973 2150 1223 2193 transibimus
1252 2152 1314 2192 sex
1343 2163 1411 2192 aut
1438 2152 1588 2205 septem

221 2210 344 2262 milia,
360 2211 614 2264 consequitur
636 2224 710 2249 nos
727 2209 839 2249 cursu
857 2209 1021 2263 publico
1038 2211 1240 2264 predi&us
1258 2210 1414 2250 Mesala
1429 2210 1588 2250 curialis

219 2270 257 2310 δι
269 2270 552 2324 coniu[n]gens
562 2269 597 2309 se
608 2270 785 2322 requiret
796 2269 932 2309 dicens
944 2285 973 2309 z«
985 2271 1067 2310 Ubi
1077 2270 1131 2310 est
1140 2270 1331 2323 presbiter
1342 2270 1355 2309 ?
1365 2287 1378 2306 »
1393 2269 1482 2323 Ego
1495 2283 1589 2309 cum

221 2328 340 2369 essem
358 2328 612 2368 inconsuetus
629 2328 921 2369 neceffitatibus
939 2328 1281 2382 publicis,timens
1294 2329 1416 2368 vereri
1437 2329 1525 2381 cepi
1539 2342 1589 2367 ne

221 2387 325 2427 forte
338 2388 484 2427 iterum
501 2387 683 2426 auferens
699 2386 886 2426 animalia
903 2398 1108 2426 revocaret
1126 2386 1161 2426 se
1175 2398 1339 2440 propter
1355 2386 1590 2440 presentiam

224 2446 400 2502 prefidis,
421 2446 596 2486 discendi
619 2445 656 2485 δε
682 2445 784 2485 dixi:
810 2463 824 2482 «
855 2445 945 2500 Ego
967 2445 1062 2496 sum,
1087 2446 1182 2499 quid
1205 2446 1331 2496 iubes,
1358 2444 1441 2484 fili?
1463 2459 1479 2483 »
1501 2444 1588 2500 Qui

223 2507 343 2546 dixit:
377 2523 392 2543 «
418 2505 528 2546 Volo
550 2504 724 2544 faustam
745 2505 913 2545 adorare
935 2505 972 2545 δι
994 2506 1178 2545 benedici
1195 2505 1243 2545 ab
1264 2519 1320 2544 ea.
1347 2522 1361 2540 »
1385 2503 1439 2544 Et
1465 2517 1592 2557 quum

223 2564 388 2606 venisset
407 2565 455 2604 ad
482 2578 585 2614 eam,
615 2564 743 2603 tenuit
764 2565 884 2617 pedes
912 2565 996 2604 eius
1027 2564 1184 2604 dicens:
1210 2581 1225 2600 «
1255 2562 1468 2617 Indulgeat
1496 2562 1591 2602 mici

227 2643 242 2662 «
266 2624 448 2664 sanffitas
475 2634 552 2663 tua.
574 2621 814 2676 Ignorabam
835 2623 943 2662 enim
974 2634 1012 2662 te
1032 2623 1128 2672 effe;
1155 2623 1246 2662 ideo
1268 2622 1399 2662 distuli
1427 2623 1474 2661 ad
1504 2636 1593 2660 mo-

227 2702 242 2721 «
269 2693 451 2722 mentum
468 2684 561 2722 dare
578 2680 766 2721 animalia
781 2681 818 2721 &
835 2696 943 2721 nunc
966 2682 1123 2721 cucurri
1139 2682 1186 2721 ad
1204 2681 1524 2721 satisfaciendum
1542 2694 1592 2719 ne

229 2762 243 2781 «
269 2742 393 2782 michi
414 2741 631 2795 indigneris
652 2740 689 2780 &
712 2740 827 2781 Deus
848 2740 1043 2780 irascatur.
1069 2757 1084 2777 ›>
1115 2740 1241 2781 Tunc
1270 2739 1403 2780 saneta
1421 2750 1488 2793 ayt
1506 2737 1592 2792 (stc)
