2131 3552
230 399 522 439 venerabilium
545 401 772 454 pignorum,
793 399 830 439 δε
853 399 1069 439 secundum
1093 401 1201 453 quod
1225 399 1467 440 desiderium
1484 403 1606 442 habe-

231 460 297 499 bat
325 460 363 498 in
387 460 651 498 veneracione
682 459 784 498 beati
814 457 1005 498 lobannis
1030 459 1217 512 Baptistae
1245 461 1283 499 in
1306 460 1518 500 [Woriemza
1540 476 1606 500 ec-

230 515 388 557 clefiam
411 517 596 557 edificare
618 517 818 570 disposuit.

325 584 331 628 Ι
344 585 524 629 ‘71-arfiatio
535 584 657 628 reliqs
669 585 731 617 loh.
742 585 944 628 Baptislaessx
957 587 1103 630 quodam
1119 587 1233 619 codice
1248 598 1450 630 pergameno
1463 587 1607 620 ecclefiae

231 638 253 670 s.
280 638 432 670 {ohannis
454 637 705 678 Maurianensss,
723 638 792 672 saec.
816 640 846 670 X
870 640 1037 681 οοηΐέξίος
1063 640 1093 672 in
1115 639 1200 672 notis
1219 640 1260 671 ad
1284 640 1544 683 Greg.Tur0n.‚
1561 642 1609 672 De

225 691 335 735 gloria
355 700 546 737 mat-gyrum,
563 704 592 725 c.
616 704 666 734 14,
686 692 815 733 inserta,
834 692 887 725 ed.
912 693 1064 734 Bordier,
1087 694 1110 732 1,
1132 705 1162 736 p.
1177 705 1233 733 44,
1253 704 1283 724 n.
1307 694 1354 734 2.]

288 779 301 797 <1
329 761 475 801 Leffio
497 759 526 800 Ι.
558 760 652 800 Fuit
674 762 711 799 in
740 761 880 801 diebus
910 760 1207 814 praestantissimi
1241 763 1342 814 regis
1371 761 1605 803 Gontranni

235 820 378 860 mulier
392 821 558 859 nomine
573 820 726 873 Tygris
743 831 832 859 orta
849 821 886 859 in
906 820 1106 859 territorio
1120 819 1412 875 lblaurianenst,
1430 820 1521 860 loco
1539 823 1606 875 qui

237 878 433 919 Volovium
454 880 701 929 nominatur,
719 878 843 918 nobili
867 879 984 932 stirpe
1006 880 1228 932 progenita,
1250 878 1444 933 sacrisque
1466 880 1608 920 litteris

232 937 471 977 sufficienter
494 938 693 977 instructa.

288 1038 302 1056 ‹<
330 1020 475 1060 Lectio
497 1019 548 1060 Π.
572 1021 787 1060 Habebam
807 1031 942 1059 autern
978 1020 1123 1060 sociam
1156 1019 1223 1059 fibi
1248 1021 1421 1060 sororem
1443 1023 1609 1061 nomine

234 1079 497 1134 Pigmeniam,
519 1095 608 1134 quae
629 1079 884 1133 coniugalem
913 1079 1143 1119 societatem
1164 1081 1371 1132 quondam
1402 1081 1609 1131 habuerat,

232 1138 294 1178 sed
317 1139 508 1178 defuncto
532 1140 677 1178 marito
699 1139 955 1178 continenter
984 1139 1136 1189 vivens,
1165 1138 1310 1179 sororis
1340 1141 1608 1180 contubernio

232 1198 269 1238 δι
290 1198 486 1238 do&rinis
508 1199 547 1237 in
570 1198 715 1239 divinis
736 1197 911 1238 cultibus
932 1197 970 1237 &
993 1212 1217 1251 pauperum
1234 1198 1446 1252 obsequiis.

287 1292 304 1311 <e
325 1274 471 1314 Lectio
488 1273 561 1314 III.
581 1275 792 1314 Vacabant
809 1276 942 1328 itaque
959 1275 1086 1314 ambae
1104 1275 1261 1315 ieiuniis
1274 1275 1311 1315 &
1327 1275 1473 1329 vigiliis
1486 1287 1607 1330 atque

234 1334 458 1373 sanctorum
481 1333 663 1373 locorum
686 1332 989 1373 visitationibus.
1009 1333 1108 1373 Haec
1130 1333 1168 1373 &
1192 1333 1268 1374 illis
1291 1346 1425 1374 cetera
1449 1336 1608 1388 pietatis

232 1408 356 1446 opera
384 1393 607 1446 agentibus,
639 1394 785 1432 accidit
816 1403 859 1432 ut
889 1395 1184 1432 monachorum
1206 1393 1481 1446 religiosorum
1504 1395 1609 1434 frue-

232 1462 367 1491 rentur
386 1452 561 1491 adventu
583 1453 649 1505 qui
673 1467 721 1491 ex
744 1451 1046 1509 [tn-qsbliaerzitaJJis
1067 1452 1244 1504 partibus
1268 1452 1425 1492 Scotiam
1448 1467 1610 1507 pergere

232 1511 470 1550 fatebantur.

287 1606 301 1624 «
324 1588 471 1628 Leffio
488 1586 563 1627 IV.
583 1589 706 1641 Apud
729 1603 832 1642 quos
854 1603 947 1628 cum
970 1590 1103 1628 triduo
1123 1589 1435 1629 demorarentur
1456 1590 1505 1629 de
1521 1592 1609 1630 reli-

233 1648 338 1701 quiis
370 1646 490 1687 saneti
527 1647 719 1688 Iohannis
752 1648 953 1700 Baptistae,
982 1647 1144 1686 volente
1168 1647 1368 1699 Domino,
1401 1664 1494 1688 curn
1532 1650 1609 1691 illis

232 1705 458 1745 habuerunt
477 1705 731 1759 colloquium
758 1706 938 1746 dicentes
960 1720 1052 1745 eum
1088 1706 1335 1745 decollatum
1364 1705 1476 1745 fuisse
1504 1708 1608 1759 apud

233 1764 440 1817 quoddam
460 1764 624 1804 Arabiae
641 1764 847 1805 castellum
872 1765 980 1818 quod
1003 1764 1236 1804 Maceronta
1256 1766 1490 1805 nominatur
1515 1767 1552 1806 &
1570 1767 1608 1804 in

233 1823 396 1863 civitate
419 1823 607 1863 Samariae
628 1839 718 1878 quae
738 1839 845 1863 nunc
867 1824 1009 1879 Sebaste
1024 1825 1170 1864 dicitur
1191 1825 1468 1873 reconditum3
1490 1837 1612 1877 caput

234 1893 368 1921 autern
405 1882 659 1939 [ey-asoli711a7tz
701 1882 899 1935 perlatum
938 1882 977 1922 &
1017 1883 1068 1922 ibi
1109 1897 1202 1922 curn
1239 1883 1419 1922 maximo
1454 1884 1611 1923 honore

234 1941 459 1981 humatum.

291 2034 305 2053 «
332 2017 479 2057 Lmstio
504 2018 554 2057 V.
578 2016 670 2056 Post
692 2016 812 2070 longa
842 2017 1125 2058 decollationis
1146 2019 1231 2058 eius
1255 2030 1438 2071 tempora
1459 2021 1506 2060 ab
1527 2019 1610 2074 ipso

235 2075 458 2116 revelatum
487 2077 644 2116 duobus
666 2077 875 2116 monachis
902 2077 1164 2117 orientalibus
1194 2079 1260 2131 qui
1284 2079 1477 2119 orationis
1498 2080 1612 2120 causa

234 2146 429 2175 venerant
458 2135 712 2192 lerosolimam
742 2134 780 2175 &
811 2136 903 2174 inde
932 2136 979 2175 ad
1009 2135 1176 2190 Ediffem
1210 2137 1377 2178 Phenicis
1405 2139 1610 2177 civitatem

235 2192 443 2245 perlatum.
468 2192 684 2245 Offafivero
707 2195 791 2234 eius
814 2194 945 2234 saneta
965 2195 1072 2247 prius
1090 2195 1138 2234 de
1160 2195 1340 2235 Samaria
1362 2197 1612 2255 lerosolimam

234 2252 414 2292 transsata
425 2252 568 2292 &inde
584 2252 631 2292 ad
646 2253 926 2293 Alexandriam
940 2253 1167 2305 transmissa,
1180 2255 1244 2293 ubi
1258 2270 1366 2295 nunc
1380 2257 1418 2294 in
1434 2254 1612 2306 ecclefia,

234 2326 324 2364 quae
345 2312 385 2351 in
407 2312 525 2365 ipsius
547 2313 713 2352 nomine
735 2312 790 2352 est
809 2313 1054 2364 consecrata,
1076 2315 1286 2353 recondita
1306 2315 1516 2354 habentur.

291 2404 306 2423 «
330 2387 476 2427 Lectio
498 2387 571 2427 Vl.
587 2386 716 2442 Quod
731 2388 866 2427 divina
883 2389 1139 2442 providentia
1155 2389 1343 2429 dicebant
1363 2389 1438 2429 effe
1460 2391 1610 2431 factum

235 2455 278 2484 ut
310 2445 461 2486 scilicet
481 2461 552 2500 per
583 2447 697 2500 plura
727 2447 818 2487 loca
851 2449 1071 2501 deportatis
1093 2449 1195 2488 beati
1220 2450 1402 2502 martyris
1432 2450 1611 2504 reliquiis

236 2504 350 2557 plura
378 2506 572 2545 virtutum
604 2504 711 2559 figna
746 2507 832 2559 post
862 2508 947 2547 eius
978 2508 1308 2558 decollationem,
1343 2509 1503 2549 Christo
1534 2511 1612 2549 lar-

234 2563 382 2615 giente,
398 2564 462 2602 cui
482 2564 757 2603 testimonium
775 2565 977 2617 perhibuit
1001 2565 1191 2618 cuiusque
1214 2579 1345 2618 praeco
1362 2567 1424 2605 vel
1439 2580 1611 2619 praecur-

236 2620 297 2660 sor
317 2622 462 2673 extitit,
483 2638 554 2676 per
575 2637 640 2663 eas
661 2622 804 2663 fierent
825 2624 1040 2663 manifesta.

292 2715 307 2733 «
334 2697 480 2738 Leffio
504 2696 596 2738 VII.
624 2697 817 2738 Instruffita
841 2699 972 2739 taliter
994 2699 1075 2740 Dei
1099 2701 1247 2741 famula
1267 2716 1289 2741 a
1311 2703 1482 2754 praefatis
1504 2702 1612 2751 viris,

239 2756 480 2798 abeuntibus
503 2757 594 2808 illis,
609 2758 736 2810 coepit
757 2759 830 2798 iter
846 2758 957 2798 suum
976 2759 1055 2799 Dei
1079 2761 1229 2800 auxilio
1248 2774 1480 2814 praeparare,
1496 2762 1613 2801 unius

424 2818 450 2850 P
1359 2834 1400 2863 30
