2131 3552
777 231 914 294 (320)
1456 248 1518 297 49

172 382 310 435 CIV);
345 385 440 423 dum
475 399 546 437 pro
576 385 758 425 fidelibus
788 385 936 435 hilaris,
970 385 1006 424 δι
1041 400 1110 438 pro
1142 386 1364 427 infidelibus
1395 390 1524 440 tristis,

170 442 290 483 fidem
313 442 452 483 saneta:
472 443 688 483 Trinitatis
710 442 786 483 illis
809 444 1015 483 inlinuavit
1035 444 1072 483 δι
1093 443 1171 484 istis
1192 474 1525 486 ......

228 580 243 598 «
264 562 337 602 Sed
355 561 545 615 quoniam
568 559 644 612 ipse
668 574 740 612 pro
756 559 833 600 fide
855 560 999 601 Christi
1022 560 1059 600 &
1080 562 1251 614 negotiis
1268 563 1422 616 imperij
1442 567 1528 603 ani-

175 635 285 660 mum
314 621 424 660 suum
456 621 494 659 in
517 619 628 672 plura
649 619 789 669 divisit,
823 620 912 658 ideo
944 620 1099 658 beatam
1130 619 1330 659 Helenam
1361 634 1529 663 matrem

175 679 281 718 suam
299 692 368 732 pro
385 679 420 718 se
438 678 692 736 lerosolymam
710 676 824 728 misit,
847 689 888 718 ut
904 693 950 717 eo
972 677 1177 718 studiosius
1195 679 1247 717 ibi
1267 678 1529 721 Dominicam

176 738 394 792 inquireret
421 751 596 787 crucem,
617 751 697 790 quo
719 737 765 776 ad
787 738 890 776 hanc
919 735 1214 789 inquisitionem
1238 737 1362 790 ipsum
1385 740 1531 780 Cruci-

174 796 298 837 fixum
329 794 570 835 ostensorem
605 796 768 835 haberet
802 809 846 835 ac
877 795 1033 835 ducem.
1069 795 1192 835 Beata
1226 797 1344 850 igitur
1364 798 1534 850 Helena,

176 855 338 909 sapienti
359 853 424 893 usa
443 851 623 903 consilio,
653 853 782 894 statim
804 856 967 894 interius
988 854 1082 894 Deo
1104 855 1142 894 &
1163 856 1335 896 exterius
1357 857 1536 896 obedivit

175 913 272 964 filio,
304 914 400 952 dum
433 927 511 951 non
544 911 670 951 solum
699 912 829 952 valida
860 927 980 952 manu
1011 927 1081 966 pro
1113 915 1253 954 eadem
1282 914 1535 968 inquisitione

177 972 434 1030 lerosolymam
450 973 534 1021 ivit,
555 971 616 1010 sed
635 972 754 1011 etiam
779 986 800 1010 a
816 970 974 1023 Iudaeis,
996 972 1060 1011 ubi
1088 972 1242 1026 lignum
1268 972 1536 1014 Dominicum

177 1029 284 1082 effet,
317 1029 529 1083 diligenter
559 1030 770 1083 inquisivit.
807 1029 916 1086 Quae
946 1032 1053 1070 enim
1083 1032 1132 1071 de
1160 1032 1266 1072 vitiis
1295 1032 1341 1072 ad
1373 1034 1538 1074 virtutes

178 1092 257 1130 iam
277 1100 372 1129 tunc
404 1088 505 1128 bene
525 1091 731 1141 operando
754 1087 944 1140 transivit,
974 1104 1055 1129 non
1087 1090 1291 1131 immerito
1313 1092 1539 1132 thesaurum

180 1149 293 1189 illum
331 1147 567 1188 Divinitatis
601 1146 820 1201 inquislvit,
857 1147 1087 1202 inquisitum
1121 1149 1293 1201 invenit,
1331 1153 1540 1191 inventum

178 1207 404 1247 custodivit.
427 1207 549 1247 Unde
571 1218 614 1247 ut
630 1207 668 1247 &
688 1222 762 1248 nos
783 1222 876 1247 curn
897 1222 943 1247 ea
960 1205 1066 1261 quasi
1084 1208 1132 1247 de
1153 1209 1327 1249 tenebris
1350 1225 1542 1263 propere—

180 1279 269 1305 mus
290 1265 337 1304 ad
359 1264 505 1315 lucem,
526 1266 659 1305 dicere
681 1266 872 1306 debemus
894 1266 1064 1320 qualiter
1086 1267 1167 1320 ipsa
1186 1267 1369 1306 eamdem
1391 1268 1544 1307 invenit

179 1337 354 1375 crucem,
369 1339 419 1363 ne
432 1326 521 1377 quis
535 1324 781 1364 audientium
799 1324 849 1364 sic
861 1338 1038 1378 unquam
1056 1323 1243 1378 inslpiens
1258 1323 1338 1375 fiat,
1357 1336 1398 1365 ut
1411 1327 1544 1378 postea

180 1382 216 1422 se
242 1382 348 1423 dicat
377 1382 446 1422 ista
473 1382 636 1433 nescire,
665 1397 758 1422 cum
787 1383 891 1423 sciat.
926 1383 1091 1437 Eligens
1119 1398 1214 1437 ergo
1235 1383 1303 1423 fibi
1325 1384 1372 1423 de
1399 1383 1544 1425 Iudaeis

180 1442 286 1487 ,viros
302 1455 472 1481 numero
490 1441 612 1492 mille,
634 1441 836 1495 inquifivit
861 1442 909 1482 ab
933 1443 988 1483 eis
1011 1442 1106 1496 quid
1130 1442 1178 1482 de
1202 1442 1271 1482 illo
1294 1442 1361 1482 ille
1389 1444 1547 1483 sentiret

183 1511 251 1541 aut
265 1500 353 1549 ille3
374 1498 506 1554 sicque
526 1515 666 1541 omnes
687 1515 765 1540 una
785 1501 1006 1554 eademque
1026 1501 1180 1540 ratione
1200 1502 1340 1542 videns
1357 1501 1432 1542 effe
1448 1517 1548 1542 con-

186 1560 330 1609 sentos,
362 1558 495 1599 denuo
527 1559 576 1598 de
606 1559 661 1599 eis
691 1561 817 1612 coepit
838 1559 1013 1613 separare
1035 1561 1288 1613 quingentos.
1325 1561 1426 1615 Qui,
1456 1560 1550 1600 licet

187 1617 366 1658 instructi
403 1616 526 1657 effent
554 1617 641 1672 lege
675 1618 823 1669 divina,
854 1619 1081 1659 nesciebant
1109 1630 1241 1658 tamen
1277 1620 1372 1672 quid
1409 1621 1457 1659 de
1493 1620 1549 1659 eis

186 1676 309 1717 vellet
341 1678 471 1717 facere
501 1677 650 1730 regina,
683 1677 752 1716 nifi
786 1689 981 1730 quantum
1010 1678 1102 1717 inde
1133 1676 1252 1718 Iudas
1286 1693 1388 1718 unus
1418 1693 1466 1718 ex
1494 1679 1551 1718 eis

188 1735 340 1776 caeteris
357 1746 513 1788 poterat
528 1749 713 1775 enarrare
734 1734 890 1776 Iudaeis.
916 1736 1034 1775 Unde
1052 1733 1185 1789 &ipse
1207 1736 1346 1776 iustam
1376 1737 1432 1777 eis
1459 1737 1551 1776 inde

189 1795 358 1834 reddens
375 1794 590 1834 rationem:
607 1811 621 1830 <<
636 1793 771 1847 Ligni,
784 1795 926 1848 inquit,
943 1793 1155 1834 Dominici
1173 1794 1259 1834 vult
1279 1795 1410 1835 facere
1427 1795 1551 1849 quaes-

192 1870 208 1890 x
229 1854 393 1893 tionem.
409 1869 425 1888 2>
450 1852 517 1892 De
538 1867 619 1905 quo
639 1863 773 1892 tamen
789 1852 889 1892 nihil
906 1854 1075 1892 omnino
1092 1854 1243 1892 dixerat
1259 1851 1334 1893 effe
1351 1855 1554 1907 conscrip-

192 1923 292 1963 tum,
307 1910 378 1951 nisi
395 1922 590 1965 quantum
605 1926 626 1951 a
638 1923 750 1964 patre
762 1911 829 1951 suo
841 1911 905 1951 vel
917 1926 992 1951 avo
1004 1910 1072 1951 s1bi
1086 1912 1282 1952 fatebatur
1298 1911 1374 1952 effe
1387 1914 1555 1966 praedic-

192 1982 289 2011 tum.
305 1969 493 2021 Proinde,
510 1971 740 2010 reeordatus
753 1972 875 2024 patris
887 1971 924 2011 &
937 1972 996 2011 avi
1016 1972 1173 2022 veteris,
1187 1971 1397 2012 sententias
1413 1987 1555 2012 eorum

192 2029 319 2082 coepit
336 2029 509 2068 enodare
525 2030 692 2079 caeteris,
711 2027 940 2070 Iudaeorum
957 2030 1107 2070 scilicet
1123 2045 1168 2070 ac
1190 2031 1369 2084 gentium
1397 2030 1556 2084 populis

193 2088 415 2128 enarrando
437 2087 607 2138 duobus,
628 2087 821 2141 quidquid
844 2089 937 2128 inde
958 2089 1006 2128 de
1024 2089 1256 2142 parentibus
1273 2090 1454 2142 percepit
1471 2103 1557 2128 arn-

194 2147 338 2187 bobus.
360 2145 560 2186 Dixerant
575 2146 684 2185 enim
700 2144 782 2197 fibi,
803 2149 911 2200 quod
929 2147 1008 2201 ipse
1024 2147 1062 2188 &
1078 2148 1209 2188 omnis
1227 2147 1432 2201 posteritas
1453 2147 1559 2187 illius

196 2205 276 2245 hoc
296 2203 406 2245 nosse
427 2215 597 2258 poterat,
618 2204 727 2257 quod
749 2206 1073 2259 quandocunque
1095 2204 1297 2259 inquisitio
1318 2205 1414 2259 ligni
1436 2205 1561 2255 fieret,

199 2278 325 2318 genus
342 2278 485 2303 eorum
505 2263 677 2316 amplius
694 2277 860 2316 regnare
880 2278 961 2304 non
983 2264 1127 2315 valeat,
1146 2264 1208 2303 sed
1230 2279 1398 2318 regnum
1419 2279 1561 2304 eorum

199 2322 512 2362 transferendum
534 2320 627 2362 effet
649 2322 689 2361 in
710 2322 874 2362 salutem
894 2323 1160 2373 credentium,
1193 2324 1242 2362 de
1270 2338 1350 2376 quo
1372 2323 1562 2376 scriptum

200 2381 280 2421 est:
313 2399 329 2419 e
355 2380 529 2421 Domini
568 2380 624 2420 est
655 2395 824 2435 regnum
853 2381 892 2421 &
921 2382 999 2434 ipse
1028 2382 1301 2422 dominabitur
1338 2383 1518 2435 gentium
1544 2397 1561 2421 »

202 2440 358 2490 (Psalm.
393 2438 528 2492 XXI).
570 2464 619 2468 —-
653 2439 810 2493 Regina
843 2452 977 2480 autern
1008 2454 1201 2480 revocans
1243 2442 1290 2479 ad
1331 2440 1366 2479 se
1401 2455 1563 2480 ornnem

200 2497 433 2538 Iudaeorum
448 2498 673 2549 cohortem,
692 2499 816 2538 vitam
832 2500 888 2539 eis
906 2499 1161 2552 proponebat
1175 2513 1221 2538 ac
1237 2510 1425 2549 mortem,
1442 2501 1564 2539 vitam

204 2556 366 2607 scilicet,
394 2556 420 2596 si
440 2556 596 2610 lignum
617 2556 763 2598 Crucis
789 2557 1056 2608 ostenderent,
1085 2568 1260 2597 mortem
1281 2568 1415 2597 autem
1443 2558 1469 2598 fi
1498 2559 1566 2598 de-

205 2615 427 2656 monstrare
458 2626 775 2656 contemnerent.
806 2616 880 2657 Sed
902 2631 996 2656 cum
1017 2618 1140 2656 corda
1165 2630 1306 2656 eorum
1326 2616 1373 2656 ad
1399 2619 1484 2656 haec
1506 2618 1566 2656 in-

207 2673 348 2713 durata
379 2672 549 2725 fuiffent,
584 2674 622 2713 &
651 2689 697 2714 ea
726 2690 815 2727 quae
844 2675 1019 2715 sciebant
1051 2674 1086 2714 se
1114 2674 1264 2714 nescire
1293 2674 1488 2726 dixiffent,
1520 2690 1568 2715 eo

209 2730 380 2771 celerius
409 2745 479 2772 eos
511 2746 600 2785 quae
629 2732 798 2773 dicenda
827 2744 938 2773 erant
966 2733 1100 2773 dicere
1129 2733 1312 2786 cogebat,
1345 2747 1426 2785 quo
1453 2733 1569 2772 citius

392 2796 419 2830 P
1366 2810 1382 2842 7
