2131 3552
541 184 604 234 42
1161 169 1302 235 (326)

548 337 686 377 tatem,
703 327 770 366 ubi
792 327 878 367 haec
900 326 1098 380 particula
1118 327 1347 378 servaretur,
1369 328 1408 366 in
1425 327 1489 366 sua
1502 327 1640 377 statua,
1660 325 1759 366 ficut
1779 327 1917 378 fertur,

547 385 586 424 in
618 386 706 425 foro
729 385 985 426 Constantini
1024 383 1149 438 pofita
1181 385 1296 437 super
1327 385 1560 425 columnam
1591 386 1916 439 porphyreticam

546 444 693 484 devote
723 445 918 484 condidit.
948 443 1167 497 Reliquam
1196 459 1292 484 vero
1323 456 1477 497 partem
1510 446 1548 484 in
1579 456 1768 498 argentea
1801 444 1918 484 theca

546 502 720 542 clausam
753 503 927 543 civitatis
962 503 1123 542 tradidit
1158 502 1349 542 sacerdoti
1384 503 1422 543 δε
1455 504 1634 557 undique
1668 516 1918 556 congregans

548 560 734 611 artifices,
755 561 948 600 maximas
971 559 1054 599 illic
1075 560 1313 614 ornatasque
1333 559 1549 601 aedificavit
1569 559 1767 601 ecclefias.

643 648 884 691 [Caffiodorus‚
910 649 987 693 Hist.
1006 649 1189 693 tripartita,
1206 649 1228 682 l.
1245 651 1290 690 II,
1311 661 1340 682 c.
1357 653 1394 682 18
1417 649 1570 693 (Migne,
1590 651 1681 682 Patr.
1697 648 1772 691 lat.,
1792 650 1918 691 LXIX,

545 714 573 736 c.
602 703 700 747 936),
729 714 828 746 quem
860 701 1022 746 exscripsit
1049 702 1126 745 Htst.
1150 702 1303 746 miscella,
1331 702 1351 735 l.
1382 703 1444 744 XI,
1471 713 1498 735 c.
1526 714 1579 744 15,
1606 703 1658 736 ed.
1683 701 1920 747 Eyssenhardt,

547 769 578 801 p.
605 756 697 797 251.]

601 848 730 889 Cuius
761 847 1034 901 [Constantini
1057 847 1168 901 imp.]
1201 848 1449 900 temporibus
1470 849 1722 902 completum
1743 849 1798 888 est
1818 848 1916 888 illud

548 908 857 960 propheticum:
895 924 910 944 «
937 905 983 946 In
1017 907 1087 947 illo
1121 908 1185 947 die
1217 907 1306 958 erit,
1340 907 1448 961 quod
1472 908 1586 961 super
1618 908 1776 948 frenum
1811 908 1918 961 equi,

547 966 726 1006 sanctum
758 965 945 1006 Domino
983 966 1297 1019 omnipotenti»
1337 966 1496 1018 (Zach.,
1534 979 1621 1017 XIV,
1663 973 1741 1014 20).
1788 965 1916 1023 Quod

548 1025 615 1064 illa
654 1024 798 1064 sanetae
832 1025 1040 1065 memoriae
1082 1024 1240 1064 Helena
1282 1036 1408 1065 mater
1439 1026 1538 1076 eius,
1574 1025 1702 1065 infuso
1736 1025 1804 1066 fibi
1836 1024 1917 1066 Dei

549 1082 702 1135 spiritu,
723 1083 928 1123 revelavit.

603 1158 618 1178 «
645 1141 792 1183 Beatus
826 1142 1115 1184 Constantinus
1156 1143 1221 1183 tali
1255 1154 1431 1196 parente,
1470 1157 1561 1195 quae
1589 1143 1804 1195 imperanti
1834 1142 1919 1182 filio

549 1200 675 1240 divini
697 1203 873 1242 muneris
901 1200 1080 1254 quaefivit
1100 1202 1309 1253 auxilium,
1341 1217 1423 1255 quo
1455 1202 1558 1241 inter
1588 1201 1725 1254 praelia
1754 1216 1919 1256 quoque

549 1270 656 1300 tutus
685 1259 869 1300 affisteret
902 1261 940 1301 &
974 1261 1200 1313 periculum
1234 1276 1317 1301 non
1348 1262 1521 1300 timeret.
1557 1260 1714 1314 Magna
1740 1261 1920 1311 foemina,

549 1334 638 1372 quae
659 1318 788 1359 multo
810 1319 983 1372 amplius
1005 1321 1158 1360 invenit
1174 1321 1282 1374 quod
1306 1320 1540 1373 imperatori
1562 1320 1776 1371 conferret,
1797 1333 1920 1373 quam

549 1378 656 1431 quod
689 1377 737 1417 ab
771 1378 1014 1430 imperatore
1049 1379 1262 1432 acciperet.
1298 1379 1434 1418 Anxia
1461 1388 1589 1418 mater
1620 1393 1693 1430 pro
1723 1377 1821 1429 filio,
1855 1378 1920 1418 cui

549 1450 716 1490 regnum
748 1437 855 1477 orbis
888 1437 1066 1477 Romani
1096 1438 1273 1489 cefferat,
1303 1437 1501 1478 festinavit
1539 1437 1853 1494 Hierosolymam,
1882 1436 1920 1477 &

549 1494 719 1535 scrutata
739 1495 794 1534 est
814 1495 950 1536 locum
973 1496 1209 1536 Dominicae
1230 1497 1425 1549 passionis.

605 1571 620 1590 ‹<
655 1553 919 1594 Stabulariam
961 1556 1064 1595 hanc
1096 1556 1226 1608 primo
1255 1554 1366 1595 fuiffe
1400 1554 1585 1606 afferunt,
1625 1554 1676 1596 sle
1713 1556 1920 1609 cognitam

551 1612 790 1653 Constantio
824 1613 983 1664 seniori,
1023 1614 1091 1667 qui
1127 1614 1264 1667 postea
1296 1628 1465 1667 regnum
1499 1614 1668 1667 adeptus
1702 1613 1769 1653 est.
1805 1613 1922 1653 Bona

549 1671 773 1722 stabularia,
803 1687 892 1725 quae
928 1683 1008 1712 tarn
1052 1672 1265 1726 diligenter
1296 1672 1470 1726 praesepe
1505 1672 1676 1713 Domini
1705 1671 1921 1727 requisivit.

550 1728 666 1768 Bona
686 1728 908 1781 stabularia,
937 1745 1028 1784 quae
1047 1731 1305 1770 stabularium
1325 1745 1407 1770 non
1430 1731 1628 1784 ignoravit
1648 1730 1776 1782 illum,
1811 1749 1826 1768 <z
1852 1731 1921 1784 qui

551 1805 568 1825 «
589 1788 756 1829 vulnera
776 1790 930 1829 curavit
950 1804 972 1829 a
990 1789 1212 1830 latronibus
1233 1789 1428 1830 vulnerati
1450 1807 1465 1826 »
1492 1790 1625 1843 (Luc.,
1641 1804 1682 1841 x,
1708 1792 1786 1844 34).
1807 1790 1922 1830 Bona

553 1847 777 1900 stabularia,
798 1863 887 1902 quae
905 1848 1046 1889 maluit
1070 1866 1085 1886 ‹<
1106 1849 1287 1888 aestimari
1307 1849 1492 1900 stercora,
1513 1860 1556 1889 ut
1572 1850 1780 1890 Christum
1796 1849 1921 1889 lucri-

553 1923 568 1942 ‹<
590 1907 736 1946 faceret
753 1923 768 1944 »
788 1906 963 1960 (Philip,
978 1908 1101 1960 111,8).
1114 1906 1213 1948 ldeo
1235 1907 1344 1947 illam
1362 1908 1542 1949 Christus
1560 1908 1608 1948 de
1624 1909 1799 1948 stercore
1815 1909 1922 1949 leva-

552 1966 610 2004 vit
632 1966 678 2004 ad
700 1979 870 2020 regnum
891 1965 1111 2006 secundum
1132 1966 1240 2020 quod
1263 1966 1452 2020 scripturn
1473 1966 1548 2007 est:
1587 1984 1601 2004 «
1629 1966 1744 2022 Quia
1768 1967 1923 2007 suscitat

554 2041 570 2061 «
597 2024 646 2064 de
668 2035 771 2064 terra
791 2025 972 2078 inopem,
998 2025 1037 2066 δι
1057 2025 1106 2065 de
1132 2024 1308 2065 stercore
1329 2026 1446 2080 erigit
1468 2040 1688 2080 pauperem
1713 2043 1728 2062 »
1753 2025 1923 2076 (Psalm.,

552 2096 652 2135 cxn,
674 2090 723 2138 7).

607 2160 622 2179 «
658 2144 786 2184 Venit
819 2158 915 2197 ergo
947 2143 1121 2194 Helena,
1149 2144 1277 2197 coepit
1308 2143 1475 2183 revisere
1502 2143 1593 2183 loca
1612 2143 1757 2194 saneta,
1777 2143 1923 2183 infudit

552 2202 585 2241 ei
618 2201 776 2255 spiritus
806 2214 850 2242 ut
880 2202 1034 2256 lignum
1060 2203 1190 2243 crucis
1215 2203 1450 2256 requireret,
1482 2203 1637 2242 aceeffit
1664 2202 1712 2242 ad
1746 2202 1923 2255 Golgotha

553 2260 590 2300 &
608 2262 682 2301 ait:
708 2278 724 2298 <‹
745 2261 854 2302 Ecce
872 2261 986 2302 locus
1003 2276 1162 2315 pugnae,
1182 2262 1250 2301 ubi
1268 2261 1322 2301 est
1338 2261 1525 2301 victoria?
1549 2260 1707 2316 Quaero
1728 2260 1922 2300 vexillum

555 2337 570 2356 «
598 2320 731 2361 ialutis
766 2321 804 2361 &
839 2334 922 2360 non
958 2321 1133 2360 invenio.
1175 2319 1279 2386 Ego,
1314 2321 1459 2374 inquit,
1493 2320 1531 2359 in
1574 2322 1718 2386 regnis,
1752 2319 1790 2360 δι
1824 2334 1922 2360 crux

555 2396 571 2414 «
598 2378 771 2419 Domini
805 2380 843 2419 in
881 2378 1072 2432 pulvere?
1110 2393 1185 2432 ego
1220 2379 1260 2418 in
1294 2379 1436 2430 aureis,
1469 2378 1508 2418 δι
1541 2379 1580 2418 in
1615 2379 1739 2420 ruinis
1774 2378 1923 2420 Christi

555 2455 570 2474 «
596 2437 845 2491 triumphus?
877 2437 944 2477 ille
978 2437 1108 2477 adhuc
1145 2438 1242 2477 latet
1269 2437 1307 2477 &
1337 2437 1434 2477 latet
1464 2437 1597 2490 palma
1615 2438 1708 2477 vitae
1735 2437 1918 2477 aeternae?

556 2513 570 2533 «
599 2495 830 2552 Quomodo
862 2510 927 2536 me
957 2497 1209 2549 redemptam
1230 2496 1417 2548 arbitror,
1445 2496 1472 2536 si
1492 2496 1719 2549 redemptio
1742 2496 1822 2550 ipsa
1841 2510 1923 2535 non

556 2571 572 2592 <z
599 2555 807 2595 cernitur?
834 2572 848 2591 »

611 2631 626 2650 ‹<
660 2615 789 2654 Vides
822 2614 918 2668 quid
951 2614 1092 2667 egeris,
1125 2613 1298 2664 diabole,
1325 2625 1367 2653 ut
1395 2613 1549 2667 gladius
1578 2628 1660 2667 quo
1691 2624 1924 2668 peremptus

556 2690 572 2712 c<
598 2687 652 2725 es,
673 2673 952 2713 obstrueretur.
985 2672 1059 2713 Sed
1081 2671 1188 2712 Isaac
1210 2671 1436 2714 obstructos
1458 2673 1506 2712 ab
1527 2672 1763 2726 alienigenis
1779 2683 1924 2727 puteos
