2131 3552
527 198 617 250 134
1129 185 1268 250 (417)

522 342 576 384 Et
586 342 716 383 statim
728 353 990 383 correxerunt
998 343 1100 394 vela,
1115 344 1153 384 &
1164 344 1382 384 deveniunt
1396 345 1436 384 in
1453 344 1618 384 insulam
1631 343 1882 398 qua[m]dam

521 416 643 456 quam
662 401 793 441 hostes
810 402 1174 453 circumdederant,
1197 402 1234 442 &
1251 417 1391 444 omnes
1402 403 1511 444 viros
1526 417 1620 442 cum
1636 403 1827 444 uxoribus
1844 404 1882 444 &

520 461 612 500 filiis
634 460 874 512 depredatos
901 459 1155 512 abstulerant,
1187 476 1289 515 quos
1317 463 1438 502 etiam
1466 464 1611 503 iterum
1638 462 1884 512 distraentes,

523 520 648 572 pretia
668 519 932 572 postulabant,
957 520 1011 559 ita
1028 530 1071 559 ut
1094 520 1119 559 si
1141 520 1282 561 nolent
1301 536 1371 562 eos
1401 522 1597 562 redimere
1617 521 1655 561 &
1675 521 1765 561 illos
1781 534 1883 573 quos

522 578 826 630 captivaverunt
842 578 1085 628 occiderent,
1109 578 1148 618 ὅτ,
1169 579 1293 632 ipsam
1314 580 1479 620 insulam
1504 581 1583 634 igni
1608 579 1884 619 consummere

523 637 790 676 minabantur.
809 635 955 692 Quum
971 647 1106 676 autem
1126 638 1271 676 horum
1292 639 1402 678 navis
1422 639 1469 678 ad
1491 639 1608 678 litora
1628 639 1745 679 maris
1757 638 1887 691 adpli-

523 694 673 745 cuiffet,
699 696 864 735 audiens
894 694 1103 747 episcopus
1133 695 1308 735 eiusdem
1337 697 1416 736 loci
1438 697 1546 751 quod
1569 698 1683 737 beata
1704 696 1888 736 Melania

524 755 673 794 ibidem
691 755 881 807 navigans
893 752 1141 807 adplicuisset
1159 755 1251 806 (iam
1264 755 1372 794 enim
1387 771 1435 794 ex
1454 756 1557 796 fama
1573 756 1683 795 omni
1701 757 1793 795 loco
1813 770 1888 794 no-

524 828 615 853 men
633 813 717 852 eius
743 813 1002 863 intonuerat),
1023 813 1134 852 venit
1150 827 1244 852 cum
1265 814 1464 866 prioribus
1487 815 1660 854 civitatis
1689 828 1832 867 rogans
1849 813 1888 853 &

525 884 678 927 petens,
703 881 759 920 ut,
782 868 808 908 fi
825 869 919 910 esset
938 871 1068 910 adhuc
1094 871 1132 910 in
1154 872 1351 922 manibus,
1373 873 1522 913 miseris
1537 872 1774 921 subveniret,
1794 888 1888 913 nam

523 932 645 985 usque
665 931 712 970 ad
735 930 816 968 duo
837 929 947 968 milia
967 930 1210 983 quingentos
1235 930 1380 971 solidos
1410 932 1664 984 captivorum
1689 933 1888 972 redemtio

525 988 780 1043 querebatur,
795 987 833 1027 &
848 1001 969 1026 nemo
988 998 1072 1027 erat
1084 989 1151 1041 qui
1169 989 1468 1042 misere[re]tur.
1487 990 1592 1030 Mox
1603 1005 1699 1030 vero
1718 1001 1761 1030 ut
1777 989 1890 1029 audi-

523 1049 582 1087 vit
598 1046 827 1097 beatissima,
847 1047 901 1086 ita
920 1046 1132 1086 condoluit
1151 1046 1258 1100 quafi
1275 1048 1355 1100 ipsa
1370 1059 1571 1089 teneretur
1587 1049 1624 1089 &
1644 1049 1773 1089 statim
1796 1063 1891 1102 pro-

525 1108 654 1147 ferens
671 1119 826 1155 aurum,
842 1119 982 1145 omnes
1000 1119 1021 1144 a
1044 1106 1194 1145 maiore
1216 1106 1337 1159 usque
1359 1108 1405 1146 ad
1427 1108 1625 1146 minorem
1646 1122 1748 1161 quos
1768 1106 1890 1146 hostis

525 1165 686 1206 tenebat
716 1165 911 1216 captivos,
947 1163 1039 1203 dato
1071 1165 1213 1217 pretio,
1243 1166 1501 1206 redimerunt.
1532 1165 1695 1219 Insuper
1725 1166 1762 1206 &
1791 1165 1890 1205 alios

525 1225 768 1278 quingentos
783 1222 928 1262 solidos
946 1223 983 1261 in
1001 1223 1119 1263 husus
1137 1224 1192 1263 eis
1209 1223 1422 1277 largientes
1440 1225 1703 1264 donaverunt.
1727 1225 1793 1264 De
1810 1225 1892 1264 cel-

526 1283 625 1322 lario
642 1295 736 1320 vero
762 1281 786 1320 si
804 1281 899 1334 quid
930 1281 1130 1320 obtimum
1152 1282 1299 1322 habere
1329 1284 1473 1336 potuit,
1493 1284 1549 1324 eis
1574 1284 1764 1336 inpartita
1779 1283 1834 1322 est
1854 1284 1893 1324 &

526 1342 574 1381 ab
591 1340 742 1394 ingenti
756 1340 923 1392 penuria
938 1339 976 1379 &
990 1340 1093 1378 same
1109 1355 1178 1381 eos
1193 1340 1486 1381 relevaberunt.
1504 1342 1653 1382 Adhuc
1667 1342 1704 1382 &
1719 1342 1888 1396 qua[m]-
1911 1352 1933 1383 f.
1949 1361 2008 1391 249
2017 1363 2045 1389 a,
2061 1351 2117 1381 col.

527 1401 619 1439 dam
641 1409 883 1449 matronam,
903 1412 981 1451 que
1003 1398 1128 1438 fuerat
1145 1399 1259 1439 valde
1275 1400 1437 1451 nobilis,
1458 1401 1665 1440 tenebatur
1680 1414 1702 1439 a
1718 1400 1893 1441 barbaris

527 1473 598 1512 pro
620 1457 863 1511 quingentos
884 1456 1041 1505 solidos,
1064 1457 1101 1497 &
1122 1458 1225 1498 hanc
1246 1459 1490 1500 redimentes
1513 1459 1748 1498 remiserunt
1763 1460 1811 1499 ad
1829 1458 1895 1498 sua

526 1518 639 1560 &ita
673 1517 765 1555 inde
793 1515 961 1568 profesti
989 1515 1076 1556 sunt
1102 1518 1355 1570 navigantes,
1394 1518 1538 1557 iterum
1559 1528 1814 1558 revertuntur
1847 1518 1895 1557 ad

525 1578 707 1632 Africam
736 1574 774 1613 ἃ
803 1575 1030 1613 conmorati
1060 1574 1146 1614 sunt
1178 1576 1329 1615 ibidem
1359 1576 1509 1629 septem
1536 1577 1649 1616 annis
1679 1576 1718 1616 δε
1747 1576 1897 1616 ibidem

525 1635 694 1690 captivis
715 1632 841 1672 multa
863 1633 1093 1686 prestantes.

583 1711 597 1730 «
624 1692 688 1733 Sic
710 1692 855 1732 iterum
877 1691 1108 1743 beatiffima,
1129 1707 1208 1732 una
1227 1707 1321 1732 curn
1343 1704 1468 1733 matre
1489 1693 1553 1733 sua
1579 1692 1617 1733 &
1638 1693 1755 1733 beato
1777 1694 1896 1733 fratre

526 1753 609 1803 suo,
647 1752 694 1790 ab
729 1751 873 1805 Africa
910 1751 1201 1803 navigaverunt
1241 1753 1279 1791 in
1313 1752 1531 1794 Orientem
1560 1752 1597 1792 &
1629 1762 1898 1805 pervenerunt

527 1811 811 1860 Alexandriam,
832 1809 870 1849 &
895 1809 1168 1861 ospitabantur
1194 1811 1298 1863 apud
1324 1810 1502 1851 sanetum
1525 1811 1757 1864 episcopum
1775 1810 1899 1852 Ciril-

528 1871 625 1920 lum,
652 1869 690 1909 &
719 1867 818 1908 ficut
838 1868 1007 1907 decebat
1040 1867 1287 1908 sanctitatem
1307 1869 1391 1909 eius
1413 1868 1579 1922 suscepit
1603 1882 1684 1908 eos.
1713 1869 1900 1921 Contigit

528 1940 662 1970 autem
679 1928 717 1967 &
733 1927 912 1966 sanetum
929 1925 1159 1977 Nestorem,
1180 1928 1311 1966 virum
1331 1928 1543 1980 prophetie
1564 1928 1732 1980 gratiam
1747 1928 1900 1967 haben-

528 2000 624 2038 tem,
645 1984 718 2026 effe
736 1985 806 2025 illo
828 1996 1031 2037 tempore3
1059 1986 1317 2025 consueverat
1336 1987 1444 2025 enim
1462 2001 1532 2039 per
1553 1997 1712 2039 tempus
1733 1986 1900 2025 beatiffi-

529 2061 618 2086 mus
638 2046 704 2085 hic
726 2044 880 2097 ingredi
903 2045 942 2083 in
970 2045 1178 2084 civitatem
1200 2056 1366 2097 propter
1387 2045 1569 2085 sanitates
1587 2044 1899 2093 infirmantium3

529 2105 701 2145 habebat
728 2105 837 2143 enirn
867 2103 904 2143 &
930 2104 1034 2143 hanc
1062 2103 1244 2157 gratiam.
1267 2103 1411 2144 Sancta
1430 2118 1527 2144 vero
1550 2103 1631 2144 Dei
1653 2118 1746 2143 cum
1775 2114 1899 2143 matre

529 2165 567 2205 &
589 2165 656 2204 suo
679 2165 798 2203 fratre
820 2161 989 2202 Piniano
1010 2163 1226 2202 habierunt
1253 2164 1300 2202 ad
1332 2163 1553 2203 videndum
1575 2163 1656 2203 Dei
1677 2164 1900 2214 hominem,

531 2224 578 2264 ad
601 2237 721 2277 quem
738 2221 777 2261 &
793 2221 919 2261 multa
940 2222 1052 2261 turba
1069 2222 1271 2261 introibat.

586 2300 600 2319 «
623 2282 814 2335 Cumque
834 2280 984 2319 vellent
1005 2281 1174 2333 ingredi,
1195 2279 1305 2320 divifi
1327 2280 1415 2321 sunt
1436 2282 1539 2321 beati
1567 2282 1605 2320 in
1629 2281 1756 2321 tribus
1778 2281 1900 2333 parti-

531 2343 603 2382 bus
621 2355 691 2393 pre
708 2341 837 2390 turba,
862 2339 1115 2392 contigitque
1132 2340 1294 2378 beatum
1309 2339 1522 2379 Pinianum
1539 2340 1715 2392 primum
1732 2339 1901 2392 ingredi,

532 2401 569 2440 δι
591 2400 658 2453 qui
682 2399 1007 2451 ingrediebantur
1034 2397 1126 2437 oleo
1158 2397 1244 2453 (stc)
1274 2412 1296 2437 a
1325 2398 1461 2438 saneto
1483 2398 1747 2450 accipiebant.
1779 2397 1898 2451 Aspi-

531 2461 641 2499 ciens
657 2469 791 2498 autem
808 2457 963 2496 sanetus
981 2455 1207 2507 Nestorius,
1229 2457 1395 2497 intuitus
1417 2457 1472 2496 est
1488 2457 1667 2496 sanetum
1687 2455 1899 2496 Pinianum

533 2519 570 2559 &
591 2515 704 2557 senfit
733 2516 772 2555 in
793 2516 931 2569 spiritu
954 2516 1042 2569 quis
1067 2514 1161 2554 effet
1182 2515 1220 2555 &
1241 2516 1546 2568 adprehendens
1563 2516 1611 2554 de
1634 2515 1750 2554 turba
1771 2516 1899 2555 tenuit

532 2592 625 2617 eum
659 2577 768 2615 iuxta
796 2575 846 2625 se,
879 2574 916 2614 &
952 2573 1038 2626 post
1071 2574 1240 2614 multam
1273 2575 1432 2614 turbam
1466 2575 1635 2627 contigit
1669 2574 1707 2614 &
1742 2574 1899 2614 beatam
1918 2584 1938 2615 f.
1951 2594 2047 2624 249⁶»
2061 2585 2131 2615 col.

534 2636 695 2675 introire
726 2635 966 2685 Melaniam,
995 2634 1033 2674 δε
1063 2633 1184 2687 ipsam
1210 2633 1387 2673 fimiliter
1414 2631 1682 2683 confiderans,
1709 2633 1838 2672 tenuit
1862 2633 1900 2673 ὅτ

533 2695 666 2735 statuit
687 2696 913 2735 cumfratre
934 2693 1014 2734 suo.
1031 2692 1178 2733 Tertia
1195 2692 1277 2748 (stc)
1300 2706 1397 2732 vero
1414 2691 1706 2745 ingredientem
1727 2690 1901 2732 sannam
