2131 3552
798 234 935 293 (412)
1459 246 1540 299 125

281 391 322 432 [S.
344 390 564 434 Augustinu5‚
578 390 711 435 Epistola
729 391 948 432 CLXXXVI,
962 392 1011 424 ad
1023 391 1199 434 Paulinum,
1214 403 1241 425 c.
1260 404 1276 424 2
1293 392 1442 436 (Migne,
1456 394 1544 426 Patr.

185 443 256 484 lan,
277 444 442 483 XXXIII,
461 455 487 476 c.
509 444 618 487 816).]

241 523 256 542 «ι
278 506 369 546 Nec
390 505 523 546 saltem
546 506 632 559 post
649 505 841 545 iudicium
862 507 971 560 quod
990 507 1038 546 de
1060 507 1141 560 ipso
1160 506 1321 561 Pelagio
1340 508 1378 547 in
1398 508 1547 566 Palaes-

185 565 262 604 tina
295 564 443 604 saetam
473 563 540 614 est,
571 564 849 617 corriguntur3
883 565 931 603 de
958 580 1039 618 quo
1060 566 1271 606 damnatus
1297 565 1446 616 exisset,
1476 566 1546 606 nisi

185 622 343 662 obiecta
371 620 437 662 fibi
469 634 610 662 contra
640 623 809 676 gratiam
832 622 912 662 Dei
948 624 1067 673 dicta,
1100 639 1190 677 quae
1223 624 1435 664 obscurare
1463 639 1545 665 non

186 682 330 734 potuit,
351 680 429 733 ipse
450 678 668 720 damnasset
684 712 1545 724 ..............

186 740 266 780 Ubi
305 738 506 792 postremo
542 738 606 778 illa
634 740 873 791 testimonia,
913 756 1002 794 quae
1041 740 1346 796 lerosolymitanae
1387 741 1546 782 antistes

183 796 371 846 ecclesiae,
405 795 502 837 ficut
523 798 560 836 in
582 797 727 837 eisdem
749 798 865 852 gestis
889 799 1046 852 legitur,
1076 800 1143 853 ipsi
1166 799 1328 853 Pelagio
1351 800 1385 840 se
1407 799 1543 840 dixisse

183 867 490 906 commemorat,
523 870 616 895 cum
643 858 688 896 ad
719 872 810 896 eum
847 859 1044 910 perlatum
1075 858 1168 898 effet
1188 859 1296 912 quod
1320 857 1399 899 fine
1419 860 1545 913 gratia

184 915 264 955 Dei
287 915 439 954 diceret
459 914 604 968 absque
627 927 793 968 peccato
815 917 1024 956 hominem
1046 915 1121 956 effe
1143 915 1263 970 posse.
1291 934 1305 953 >›

276 983 318 1023 [S.
339 981 562 1024 Augustinus,
584 981 718 1025 Epistola
738 984 924 1023 LXXXVI,
940 985 988 1016 ad
1008 984 1190 1025 Paulinum,
1209 995 1236 1017 c.
1259 995 1311 1026 31,
1335 988 1374 1026 36
1391 984 1545 1028 (Migne,

181 1036 270 1068 Patr.
289 1033 360 1075 lat.,
380 1034 542 1075 XXXIII,
561 1045 609 1067 cc.
634 1039 711 1075 827,
733 1035 843 1079 829).]

237 1118 252 1138 «
278 1101 522 1142 Audivimus
553 1103 661 1142 enim
691 1101 766 1143 esse
789 1104 827 1143 in
850 1104 947 1143 urbe
968 1103 1105 1155 Roma,
1140 1104 1207 1144 ubi
1239 1104 1306 1145 ille
1329 1104 1543 1161 [Pelagius]

180 1160 248 1200 diu
275 1161 387 1210 vixit,
418 1161 637 1202 nonnullos
671 1163 737 1215 qui
769 1163 929 1203 diversis
965 1163 1087 1202 caufis
1118 1163 1153 1202 ei
1176 1163 1347 1215 faveant,
1381 1166 1545 1218 quidam

181 1218 342 1269 scilicet,
372 1221 466 1272 quia
485 1222 541 1260 eis
564 1221 656 1260 talia
677 1220 893 1274 persuafiffe
916 1222 1160 1274 perhibetur,
1182 1222 1314 1275 plures
1334 1237 1442 1274 vero,
1476 1226 1545 1277 qui

181 1289 275 1315 eum
308 1276 400 1316 talia
429 1277 568 1317 sentire
602 1293 684 1318 non
719 1280 907 1328 credunt3
943 1279 1155 1331 praesertim
1188 1281 1281 1333 quia
1309 1281 1348 1320 in
1379 1282 1546 1333 Oriente,

181 1333 248 1373 ubi
288 1335 409 1387 degit,
450 1336 556 1390 gesta
593 1335 854 1377 ecclesiastica
885 1337 987 1377 faeta
1025 1335 1100 1377 effe
1140 1338 1351 1391 imitantur,
1400 1341 1545 1394 quibus

182 1403 344 1445 putatur
365 1394 440 1435 esse
461 1407 664 1449 purgatus.
691 1413 705 1432 »

275 1458 320 1502 [S.
347 1462 569 1505 Augustinus.
601 1462 735 1506 Epistola
767 1463 968 1504 CLXXVII,
998 1463 1044 1495 ad
1069 1463 1282 1496 Innocentium
1305 1470 1441 1508 papam,
1473 1476 1500 1498 c.
1527 1479 1545 1499 2

181 1511 335 1555 (Migne,
353 1514 442 1546 Patr.
462 1514 531 1556 lat„
557 1516 719 1556 XXXIII,
736 1527 766 1548 c.
793 1519 833 1556 76
840 1516 899 1559 5),-
932 1515 973 1548 cf.
1002 1515 1137 1560 Epistola
1162 1518 1296 1550 Patrum
1315 1517 1440 1560 concilij
1464 1520 1547 1552 Car-

180 1564 372 1608 thaginensts
411 1569 459 1600 ad
483 1567 516 1609 s.
548 1568 767 1612 Augzssinum,
805 1580 835 1601 c.
858 1582 877 1607 4
912 1570 958 1609 (S.
990 1569 1214 1613 AugustinuS,
1249 1571 1371 1613 Opera,
1411 1570 1546 1614 Eptstola

182 1618 356 1658 CLXXV,
371 1619 425 1652 ed.
442 1619 574 1663 Migne,
589 1622 677 1653 Patr.
689 1620 760 1663 lat„
773 1622 934 1661 XXXIII,
949 1632 977 1653 c.
997 1623 1096 1664 761),
1116 1623 1145 1654 S.
1166 1622 1390 1666 Augustinus,
1411 1623 1546 1666 Epistola

181 1672 372 1711 CLXXIX,
386 1673 433 1705 ad
446 1674 596 1706 Ioannem
613 1673 762 1716 Hierosol.
781 1673 933 1717 (Migne,
948 1675 1037 1706 Patr.
1053 1673 1123 1715 len„
1138 1676 1302 1713 XXXIII,
1316 1687 1342 1708 c.
1359 1676 1462 1719 774);
1480 1676 1547 1718 Id.‚

178 1725 228 1757 De
244 1730 370 1768 peccato
386 1725 552 1770 originali,
574 1738 622 1759 cc.
645 1739 676 1768 9,
700 1740 739 1760 10
755 1727 904 1770 (Migne,
928 1727 1018 1759 Patr.
1046 1726 1116 1768 lat„
1134 1729 1256 1770 XLIV,
1284 1739 1330 1761 cc.
1355 1730 1545 1771 389-390);

178 1777 241 1819 Id.‚
267 1779 317 1810 De
335 1778 430 1822 gestis
453 1779 586 1822 Pelagij,
611 1791 637 1812 c.
665 1793 682 1811 2
707 1780 736 1812 &
756 1779 794 1820 s.,
818 1779 875 1812 ubi
892 1779 1018 1822 Pelagii
1033 1779 1182 1823 responsa
1200 1779 1233 1814 in
1249 1780 1374 1814 concilio
1391 1781 1547 1825 Diospoli-

179 1838 252 1864 tano
270 1831 444 1874 Palaestinae
461 1834 650 1875 rfferuntur
669 1832 728 1876 (M
734 1832 822 1876 igne,
838 1833 926 1865 Patr.
942 1832 1013 1873 lat„
1030 1834 1149 1874 XLIV,
1169 1845 1217 1866 cc.
1237 1845 1302 1875 322
1321 1834 1353 1866 δε
1371 1834 1442 1879 s..)]
1509 1874 1511 1876 Ι

235 1917 250 1937 <<
274 1900 438 1941 Tamen
467 1902 562 1942 scias
597 1903 636 1942 in
659 1902 732 1941 hac
753 1901 975 1954 provincia,
1009 1900 1129 1941 nullis
1160 1902 1347 1943 humanis
1375 1903 1545 1954 auxiliis,

179 1960 242 1998 sed
265 1961 426 2013 proprie
443 1960 592 2002 Christi
614 1961 807 2000 sententia
827 1959 983 2013 pulsum
1004 1958 1094 2010 effe,
1113 1975 1197 1999 non
1219 1960 1346 2000 solum
1368 1962 1416 2001 de
1433 1963 1545 2013 urbe,

178 2017 240 2057 sed
270 2018 319 2058 de
342 2019 557 2075 Palaestz'nae
590 2035 753 2074 quoque
780 2018 928 2059 finibus
957 2018 1178 2059 Catilinam
1211 2020 1267 2067 (id
1282 2021 1341 2075 est,
1357 2021 1544 2079 fido-ser-

177 2092 290 2128 mone,
310 2076 544 2132 Pelagium).
572 2096 586 2114 »

272 2144 318 2189 [S.
342 2145 583 2190 Hieronymus,
601 2144 735 2189 Epistola
755 2145 985 2185 CXXXVIII,
1001 2145 1050 2176 ad
1066 2144 1239 2188 Riparium
1269 2144 1425 2190 (Migne,
1454 2147 1544 2180 Patr.

177 2197 246 2240 lat.,
262 2199 374 2240 XXII,
393 2210 420 2231 c.
445 2197 579 2243 1165).]

233 2278 248 2297 «
274 2260 473 2301 Latebam
501 2275 598 2314 ergo
630 2260 791 2314 [Paulus
815 2259 997 2313 Orofius]
1021 2261 1060 2299 in
1081 2259 1301 2311 Bethlehem,
1335 2262 1502 2302 traditus
1524 2277 1546 2302 a

178 2330 287 2373 patre
317 2319 558 2372 Augustino,
594 2330 637 2359 ut
666 2321 853 2359 timorem
874 2318 1047 2358 Domini
1085 2318 1289 2369 discerem,
1324 2320 1460 2360 sedens
1495 2322 1542 2361 ad

179 2379 300 2431 pedes
327 2378 589 2432 Hieronymi3
624 2379 717 2417 inde
738 2377 985 2435 Hierusalem
1013 2378 1128 2417 vobis
1156 2377 1446 2418 accersentibus
1468 2394 1543 2419 vo-

178 2449 289 2477 catus
310 2438 466 2477 adveni.
488 2437 652 2477 Dehinc
673 2438 713 2477 in
734 2448 980 2477 conventum
1012 2437 1186 2477 vestrum
1219 2452 1297 2477 una
1323 2437 1543 2488 vobiscum,

177 2494 329 2535 Ioanne
350 2496 539 2549 episcopo
558 2497 831 2549 praecipiente,
852 2496 1012 2535 consedi
1026 2527 1156 2536 .....
1179 2497 1244 2536 Ad
1267 2496 1353 2536 haec
1368 2494 1542 2536 Ioannes

177 2553 400 2607 episcopus,
435 2566 477 2594 ut
498 2554 681 2607 Pelagius
703 2569 841 2594 coram
862 2555 1212 2605 intromitteretur,
1246 2555 1426 2607 expetiit.
1461 2555 1541 2596 Cui

177 2613 215 2653 δε
238 2624 402 2667 propter
429 2614 677 2666 paternitatis
708 2614 825 2667 ipfius
846 2615 1110 2654 reverentiam
1132 2614 1169 2654 &
1187 2624 1349 2667 propter
1368 2614 1539 2654 aetionis

176 2672 405 2723 utilitatem,
444 2674 540 2712 dum
581 2672 813 2726 praesentem
849 2673 897 2712 ab
919 2673 1108 2726 episcopo
1142 2673 1288 2713 reffius
1323 2674 1538 2714 crederetis

176 2731 482 2784 confutandum,
502 2732 795 2772 intromittendi
816 2733 1077 2772 conniventia
1097 2731 1268 2785 praestita
1289 2732 1355 2772 est.
1381 2749 1396 2768 »
