2131 3552
947 243 1086 310 (569)
1609 261 1702 314 239

332 397 410 431 Post
427 410 479 432 an.
500 402 576 443 568.
601 402 935 435 SAMARITANORUM
963 412 997 435 m
1026 402 1238 438 PALEsTmA
1265 415 1473 440 TUMULTUS
1504 418 1525 440 A
1556 407 1704 441 Puowo

518 464 587 487 νει,
606 455 777 488 ΡΗοτιΝο
793 454 850 498 (de
868 455 1046 499 quosupra
1059 457 1106 489 ad
1120 469 1196 490 ann.
1216 469 1317 501 542-2,
1335 458 1406 492 &a
1424 462 1503 502 568)
1525 470 1704 493 SEDATUR.

566 525 742 567 [lohannes
762 537 811 570 ep.
833 525 965 569 Ephefi,
984 527 1061 571 Hist.
1080 527 1198 571 eccles,
1227 529 1245 561 1.
1268 530 1293 570 1,
1317 540 1345 562 c.
1368 541 1404 570 31
1434 529 1539 572 (trad.
1572 531 1706 574 Payne-

517 578 635 620 smith,
656 579 723 610 ‘she
754 579 848 612 third
868 579 1006 622 partos
1029 581 1080 613 the
1109 581 1181 613 eccl.
1214 582 1338 626 Hisloty
1360 585 1401 625 of
1415 583 1516 624 John,
1543 583 1652 627 Bistlop
1674 587 1707 628 (ff

516 631 668 675 Ephesus,
698 631 842 673 Oxford,
882 636 978 674 1860,
1013 634 1095 675 iii-8,
1125 646 1177 678 pp.
1215 637 1353 678 66-77);
1387 638 1465 669 Iean
1495 636 1537 669 de
1568 637 1705 679 Nikiou,

516 686 690 726 Chron.‚c.
715 697 757 726 94
778 686 881 728 (trad.
904 688 1111 731 Zotenberg,
1133 699 1162 731 p.
1187 689 1293 730 168).]

216 808 305 873 569
326 809 624 854 REOVALDUS
653 811 729 869 seu
764 809 1023 865 REOVALIS‚
1061 813 1279 870 ριέςργτεν,
1321 830 1341 855 e
1383 813 1526 857 Gallia
1568 817 1703 859 oriun-

325 882 412 924 dus.
442 886 542 929 (380)

381 989 395 1008 «
423 971 556 1012 Huius
580 972 811 1025 [dominicae
832 974 976 1027 Crucis]
999 974 1200 1028 reliquias,
1228 974 1265 1014 &
1284 975 1426 1014 merito
1458 976 1495 1016 &
1516 976 1594 1016 fide
1617 978 1702 1017 He-

325 1030 425 1070 lenae
451 1032 724 1084 comparanda
750 1033 887 1085 regina
916 1032 1179 1087 Rad'egundis
1208 1034 1377 1087 expetiit
1409 1048 1453 1074 ac
1481 1036 1627 1076 devote
1661 1037 1701 1077 in

324 1089 608 1129 monasterium
644 1091 877 1149 l’ifflavwgfh,
907 1092 1016 1146 quod
1058 1092 1125 1131 suo
1160 1093 1290 1133 studio
1319 1093 1541 1144 constituit,
1571 1095 1701 1135 collo-

321 1150 440 1199 cavit,
476 1149 658 1202 misitque
699 1165 846 1202 pueros
886 1151 1030 1191 iterum
1070 1152 1341 1210 Hierosolymis
1379 1168 1424 1193 ac
1465 1168 1534 1206 per
1572 1165 1701 1193 totam

322 1208 491 1248 Orientis
539 1208 696 1261 plagam
702 1240 762 1249 .....
813 1211 880 1263 qui
921 1212 1218 1252 circumeuntes
1258 1212 1439 1265 sepulcra
1474 1212 1700 1252 santstorum

321 1278 538 1320 martyrum
560 1266 913 1322 confessorumque
934 1271 1177 1310 cmustorum
1198 1272 1385 1324 reiiquias
1408 1272 1653 1312 detulerunt.
1682 1289 1697 1308 2>

415 1339 536 1384 [Greg.
557 1341 774 1383 Turonenfig
799 1343 849 1374 De
872 1342 983 1385 gloria
1005 1352 1196 1387 margy'mcm,
1214 1345 1234 1377 1.
1265 1346 1288 1385 Ι,
1308 1356 1338 1377 (“.
1365 1358 1379 1388 5
1403 1346 1468 1387 (ed.
1494 1345 1648 1389 Bordier,
1672 1347 1698 1387 I,

319 1407 351 1439 Ρ·
374 1398 451 1438 14)-]

375 1487 389 1506 «
414 1469 628 1522 Tempore
651 1484 746 1508 vero
769 1470 967 1522 Sigiberti,
997 1470 1209 1523 postquam
1234 1471 1458 1511 Mai-oveas
1487 1471 1696 1524 episcopa-

319 1540 403 1568 tum
427 1529 533 1569 urbis
557 1528 818 1583 [1'2'2'Havensts]
844 1529 1012 1582 adeptus
1036 1530 1103 1580 est,
1119 1531 1295 1583 acceptis
1317 1530 1494 1583 epistolis
1511 1530 1697 1583 Sigiberti

317 1588 433 1641 regis,
462 1602 532 1640 pro
567 1587 645 1628 fide
677 1604 722 1628 ac
758 1590 976 1628 devotione
1012 1589 1274 1642 Radegundis
1310 1589 1448 1639 beatae,
1487 1590 1527 1629 in
1567 1601 1697 1643 partes

319 1646 488 1687 Orientis
509 1647 677 1688 clericos
699 1648 882 1698 destinat,
895 1662 966 1701 pro
989 1648 1206 1688 dominicae
1227 1649 1356 1688 crucis
1378 1647 1502 1702 ligno,
1521 1663 1566 1688 ac
1588 1648 1698 1689 sanc-

318 1716 453 1745 torum
485 1707 757 1760 apostolorum
789 1718 1111 1761 caeterorumque
1133 1719 1354 1761 martyrum
1375 1708 1567 1761 reliquiis.
1605 1707 1694 1764 Qui

317 1776 458 1805 euntes
481 1766 710 1805 detulerunt
732 1767 817 1806 haec
839 1767 1018 1820 pignora.

411 1844 531 1888 [Greg.
554 1845 700 1886 Turon,
718 1844 792 1883 Hist.
810 1845 942 1886 Franc.,
960 1845 981 1877 l.
1003 1846 1062 1886 IX,
1080 1856 1108 1877 c.
1132 1858 1176 1887 40
1197 1845 1266 1888 (ed.
1282 1844 1434 1886 Guadet,
1447 1845 1491 1886 Π,
1506 1856 1537 1888 p.
1556 1845 1670 1890 190).]

373 1934 386 1953 ⁴<
414 1918 492 1958 Cui
517 1917 698 1973 [Iustino]
723 1920 875 1959 meritis
897 1933 1076 1972 compar,
1098 1919 1254 1959 nubens
1277 1918 1461 1959 felicibus
1483 1919 1609 1968 annis,

479 1978 655 2019 Obtinet
677 1980 888 2032 augustum
909 1978 1010 2018 celsa
1027 1978 1177 2031 Sophia
1192 1978 1375 2031 gradum.

371 2034 480 2091 Quae
501 2036 592 2076 loca
608 2037 739 2077 sandhz
761 2039 842 2090 pio,
859 2036 941 2076 fixo
959 2037 1071 2087 colit,
1088 2048 1205 2076 ornat
1226 2051 1378 2087 amore,

475 2095 529 2135 Et
548 2097 643 2136 facit
663 2097 742 2136 hoc
763 2108 860 2136 voto
881 2096 917 2135 se
935 2097 1119 2149 propiare
1142 2096 1252 2149 polo,

369 2154 498 2194 Cuius
521 2156 649 2208 prima
668 2154 768 2196 fides
792 2155 960 2195 Orientis
981 2156 1028 2194 ab
1051 2169 1124 2194 axe
1144 2154 1368 2205 coruscans,

477 2212 592 2253 Mifit
612 2216 659 2254 ad
683 2214 868 2254 occasum
886 2214 1038 2267 fulgida
1058 2215 1165 2253 dona
1187 2213 1295 2253 Deo.

367 2272 525 2326 Regina
546 2272 734 2326 poscente
756 2273 822 2312 fibi
846 2273 1098 2326 Radegunde
1119 2273 1322 2325 Toringa,

473 2331 649 2372 Praebuit
670 2342 819 2384 optatae
840 2346 1009 2370 munera
1029 2331 1133 2370 sacra
1154 2331 1311 2371 Crucis.

408 2411 600 2453 [Venantius
620 2411 833 2452 Fortunatus,
861 2411 959 2443 Liber
983 2412 1030 2442 ad
1052 2409 1201 2452 Iustinum
1229 2409 1454 2453 imperatorem
1481 2410 1548 2454 (ed.
1575 2411 1693 2453 Luchi,

313 2464 446 2505 Romae,
468 2467 568 2505 1786,
593 2464 677 2506 ixi-4,
706 2472 729 2497 t.
748 2465 775 2504 I,
799 2476 829 2508 p.
853 2463 958 2507 481)‚·
986 2463 1028 2495 cf.
1058 2463 1162 2504 Idem,
1187 2462 1357 2505 Carmina,
1383 2463 1401 2495 l.
1428 2464 1473 2505 11,
1498 2475 1600 2497 carm.
1636 2476 1690 2505 1-7

313 2517 425 2560 (ibid.‚
446 2525 470 2550 t.
492 2519 519 2558 Ι,
537 2529 594 2562 pp.
616 2516 770 2561 35—46).]

368 2604 382 2622 «
428 2585 612 2626 Pervenit
651 2586 813 2625 tandem
852 2585 899 2625 ad
940 2599 1028 2624 eam
1077 2584 1400 2638 [Radegundem]
1447 2584 1496 2624 de
1536 2587 1689 2626 domno

313 2643 542 2684 Mammete
569 2655 755 2698 martyre,
786 2645 894 2697 quod
918 2642 1189 2699 Hierosolymis
1215 2643 1280 2683 sua
1307 2643 1440 2683 sandh
1465 2645 1690 2698 requiesce-

310 2714 399 2743 rent
427 2705 619 2744 membra.
651 2704 752 2743 Haec
777 2704 943 2744 audiens
965 2705 1081 2743 avida
1107 2703 1145 2743 &
1178 2702 1376 2743 fitibunda
1409 2705 1574 2758 potabat
1605 2704 1690 2743 vel-

310 2773 354 2802 ut
387 2763 563 2817 hydrops
584 2763 652 2817 qui
683 2773 880 2816 quantum
910 2764 1064 2803 fontem
1099 2763 1233 2814 trahit,
1254 2773 1411 2803 tantum
1443 2762 1522 2804 fitis
1555 2763 1690 2803 addita
