2131 3552
665 270 933 334 (355-358)
1422 267 1478 315 61

125 425 338 467 custodivit
367 441 448 466 non
480 427 610 466 minus
645 426 752 465 hunc
783 424 1061 465 sancffiffimum
1097 423 1287 463 athletam
1317 421 1488 460 suumin

126 484 262 525 multis
290 485 689 525 incommoditatibus
717 484 803 533 suis,
833 483 929 523 &in
963 482 1033 521 isto
1065 481 1266 521 saeviffimo
1296 478 1489 532 ergastulo

126 543 308 596 positum.
333 544 504 584 Duravit
524 544 631 583 enim
654 543 705 582 ibi
730 543 850 596 usque
872 542 917 581 ad
941 545 1091 580 exitum
1115 538 1338 590 Constantij
1364 538 1491 589 impe-

128 603 278 643 ratoris.
316 603 510 642 Referunt
541 602 662 651 enim,
696 602 761 654 qui
794 615 887 640 cum
918 616 966 640 eo
995 600 1169 648 fuerunt,
1203 597 1311 650 quod
1336 606 1491 636 tantum

126 672 207 700 erat
227 660 356 700 alacer
384 660 421 700 &
444 660 572 712 pastus
594 660 730 699 divino
758 660 862 710 cibo,
893 670 934 698 ut
955 657 1182 698 nullatenus
1215 669 1377 708 poenam
1409 654 1493 693 sen-

126 719 216 758 tiret
237 719 352 771 ipsius
374 720 544 759 carceris
579 718 616 758 &
642 718 790 758 nullius
821 717 986 765 inediae3
1021 716 1058 756 &
1086 716 1317 768 frequenter
1348 709 1494 751 certifi-

126 778 241 817 cabat
262 777 362 828 suos,
397 778 596 818 affirmans
629 778 723 831 quia
754 778 835 817 cito
871 777 917 816 ad
942 775 1105 828 propria
1133 772 1256 813 essent
1288 770 1493 811 reversuri.

130 833 321 875 Vifitabat
350 850 446 888 ergo
478 837 795 889 circumquaque
826 833 1010 875 ecelesias
1031 832 1262 881 catholicas,
1297 828 1495 869 mittendo

128 894 204 935 illis
224 894 408 947 epistolas
427 896 529 934 suas:
555 893 657 934 mifit
679 897 797 934 etiam
816 895 861 934 ad
886 895 1024 933 urbem
1048 889 1347 932 Vercellensem
1369 887 1494 928 dilec-

127 953 309 992 tiffimam
325 952 546 1006 epistolam,
560 968 827 993 commonens
846 951 1066 992 universam
1084 950 1257 1004 plebem,
1269 959 1311 987 ut
1326 945 1494 987 sollicite

128 1011 164 1051 se
189 1011 435 1051 custodirent
455 1023 653 1065 cauteque
675 1023 838 1065 agerent
860 1011 896 1051 δι
919 1010 1032 1050 aliter
1061 1024 1142 1048 non
1173 1008 1398 1055 crederent,
1427 1004 1496 1044 nisi

129 1067 226 1108 ficut
247 1068 326 1121 ipse
347 1071 402 1108 eis
421 1070 553 1110 verbis
577 1070 812 1109 ostenderat.
850 1069 913 1108 Ad
942 1065 1149 1107 ecclesiam
1172 1080 1266 1105 vero
1290 1063 1497 1104 Mediola-

129 1126 287 1166 nensem
305 1127 481 1167 similiter
496 1126 599 1167 mifit
615 1143 707 1167 cum
726 1128 950 1180 subscriptis
966 1127 1054 1176 suis,
1071 1137 1211 1164 utnon
1230 1124 1342 1164 aliter
1357 1123 1498 1162 crede-

128 1196 228 1236 rent,
244 1185 312 1225 nisi
333 1187 440 1240 quod
466 1187 514 1226 ab
537 1187 618 1240 ipso
637 1187 699 1226 vel
716 1201 737 1226 a
759 1184 957 1239 Dionysio
980 1185 1047 1223 suo
1069 1183 1257 1237 episcopo
1279 1182 1497 1222 audierant.

184 1263 199 1281 ‹<
221 1243 346 1298 Igitur
367 1245 452 1297 post
473 1246 629 1285 obitum
649 1245 871 1299 Constantij
893 1244 1161 1297 imperatoris,
1176 1240 1355 1281 Iulianus
1372 1241 1500 1291 impe-

131 1314 248 1353 rator,
265 1302 370 1342 illius
388 1302 595 1354 successor,
615 1304 952 1358 Coisstantinopolim
976 1302 1155 1351 veniens,
1171 1301 1348 1354 cogitare
1374 1298 1501 1350 coepit

130 1361 475 1415 quemadmodum
499 1360 566 1402 fibi
593 1362 791 1415 populum
813 1362 1085 1414 complacaret
1101 1360 1139 1400 &
1155 1373 1298 1399 eorum
1320 1358 1500 1397 favorem

131 1422 320 1460 decenter
341 1422 579 1473 acquireret,
601 1423 708 1475 quod
733 1420 942 1460 artificiose
964 1419 1181 1473 peragebat
1229 1446 1499 1457 .....

131 1509 668 1519 .........
727 1478 844 1519 Iubet
874 1478 1084 1532 episcopos
1115 1476 1236 1517 exilio
1268 1476 1503 1527 deportatos

130 1538 290 1577 evocari
313 1537 350 1577 &
371 1539 418 1577 ad
441 1541 603 1592 propria
624 1539 768 1578 reverti
834 1560 1499 1577 ...........

131 1595 185 1636 Et
211 1598 286 1637 hac
307 1597 516 1638 occafione
538 1598 657 1638 sanffi
691 1596 875 1650 praesules
907 1596 956 1635 de
978 1594 1098 1634 exilio
1131 1593 1431 1633 revertebantur
1453 1589 1499 1628 ad

132 1669 311 1708 propria.

184 1713 370 1768 Contigit
390 1726 523 1755 autern
546 1727 589 1756 ut
609 1716 748 1755 beatus
769 1713 1106 1763 Eusebius,cuius
1126 1711 1320 1751 hatstenus
1345 1721 1504 1747 memo-

72 1775 78 1781 “
133 1772 231 1812 riam
260 1774 428 1827 agimus,
462 1774 739 1814 Alexandriam
775 1773 992 1812 deveniens
1019 1772 1067 1812 ab
1100 1769 1296 1824 Scythopolis
1329 1767 1506 1817 civitate,

133 1831 393 1872 Athanasium
407 1833 656 1873 incolumem
672 1833 904 1886 reperit,cui
921 1831 1105 1870 omnium
1119 1841 1333 1881 poenarum
1344 1840 1504 1879 genera,

133 1904 223 1942 quae
244 1905 283 1929 m
305 1892 426 1930 exilio
449 1891 576 1944 paffus
597 1891 664 1941 est,
685 1890 878 1944 exposuit.
903 1907 916 1925 »

228 1965 339 2010 [Paffio
353 1968 414 2001 vel
423 1969 502 2002 vita
510 1968 622 2011 [αηέῖι
638 1968 768 2011 Eusebij
786 1965 985 2009 Vel-cellenfis
999 1964 1133 2009 episcopi
1146 1964 1298 2007 (auetore
1308 1962 1499 2007 anonymo)

134 2031 173 2051 ex
203 2020 259 2053 ms.
292 2033 494 2065 pergameno
523 2022 706 2064 monasterij
734 2020 960 2054 Nonantulani
993 2027 1071 2051 ante
1095 2029 1220 2050 annum
1257 2029 1344 2049 1000
1370 2023 1506 2047 exarato

136 2072 327 2116 (Ughessus,
346 2074 447 2108 Italia
457 2075 577 2117 sacra,
594 2083 616 2107 t.
632 2077 688 2113 IV,
710 2086 738 2106 c.
764 2087 827 2117 757
849 2075 879 2106 Sc
897 2074 946 2114 s).
968 2073 1021 2106 Cf.
1041 2071 1262 2105 Ekkehardus
1282 2065 1508 2110 Uraugiensis,

135 2125 267 2167 Chron„
286 2126 328 2158 ad
347 2139 421 2160 ann.
448 2132 509 2170 358
532 2128 656 2171 (pertz,
675 2128 762 2160 IWon.
785 2129 826 2160 G.
849 2128 914 2166 SS.,
929 2127 987 2167 VI,
1007 2138 1035 2169 p.
1060 2124 1160 2167 113),-
1180 2122 1350 2156 Honorius
1370 2119 1509 2163 Augus-

134 2177 267 2219 todun.,
287 2179 384 2211 Liber
400 2182 440 2213 de
457 2181 561 2223 eccles.
579 2180 797 2224 scriptoribus
818 2178 918 2221 (Bibl.
936 2191 1029 2211 max.
1061 2179 1136 2217 PR,
1156 2177 1210 2209 ed.
1234 2174 1360 2219 Lugd.,
1387 2181 1411 2205 t.
1433 2174 1510 2212 XX,

134 2243 168 2274 p.
194 2232 316 2274 1031);
335 2234 418 2266 Otto
437 2234 658 2278 Frifingensw,
680 2234 812 2273 Clzron.‚
832 2233 852 2265 l.
872 2233 918 2264 IV
943 2231 1036 2274 (edit.
1059 2229 1265 2273 Cuspinian.‚
1287 2229 1510 2270 Argentorat.

139 2295 238 2327 1515,
257 2296 289 2328 p.
312 2285 376 2318 xliv
403 2287 457 2330 b),
478 2287 657 2319 Albericus
678 2287 844 2327 monach.,
862 2286 995 2325 Chr-on„
1018 2284 1060 2316 ad
1082 2295 1157 2315 ann.
1187 2294 1250 2324 357
1278 2280 1403 2323 (pertz,
1422 2280 1510 2312 Mon.

137 2338 190 2378 G.‚
207 2338 275 2378 SS.,
302 2340 433 2380 XXIII,
462 2351 491 2383 p.
519 2340 623 2383 686);
658 2339 849 2372 Vincentius
880 2338 1057 2377 Bellovac„
1086 2335 1206 2379 Specul.
1232 2334 1353 2378 histor„
1379 2332 1397 2364 l.
1418 2332 1512 2372 XIII,

137 2400 168 2422 c.
206 2402 244 2421 12
279 2391 350 2433 (ed.
388 2393 509 2433 Duae„
546 2396 645 2434 1624,
679 2404 708 2436 p.
744 2393 849 2435 545),
882 2390 1076 2423 Franciscus
1106 2387 1327 2427 Bonhomim,
1357 2383 1512 2427 Antiquo-

137 2453 210 2474 rum
223 2447 359 2486 patrum
366 2444 532 2486 sermones
552 2447 587 2478 (Ξῖ
609 2445 736 2489 epistolae
758 2447 796 2478 de
806 2444 839 2487 s.
866 2443 1010 2484 Eusebio,
1030 2441 1165 2486 episcopo
1201 2441 1229 2472 V
1229 2437 1390 2481 ercellenst
1421 2438 1514 2479 (Me-

138 2495 231 2537 diol.‚
247 2500 345 2539 1581,
359 2497 457 2540 in-4)‚·
482 2499 665 2542 Stephmus
683 2497 860 2538 Feri-erius,
877 2496 953 2529 Vita
972 2497 1068 2528 &res
1081 2495 1174 2538 gestae
1186 2493 1220 2535 s.
1239 2491 1370 2535 Eusebij
1383 2489 1509 2523 Vercel-

138 2547 226 2590 lenfis
243 2549 376 2594 episcopi
390 2551 539 2594 (Romae,
557 2554 654 2592 1602,
668 2551 774 2594 in-4);
795 2549 917 2586 Surius,
939 2548 1018 2582 Vitae
1035 2548 1239 2590 fundorum,
1257 2546 1298 2578 ad
1323 2545 1355 2576 d.
1381 2545 1396 2575 Ι
1417 2543 1512 2586 Aug.

139 2601 206 2642 (ed.
233 2603 364 2644 Colon.,
388 2607 487 2645 1618,
508 2617 539 2648 p.
559 2605 602 2644 II,
621 2616 652 2648 p.
676 2616 713 2646 19
734 2605 763 2636 &
783 2603 850 2647 s.).]

187 2654 260 2697 (Cf.
291 2654 310 2688 s.
345 2656 570 2698 Athanasius,
608 2656 759 2700 Apologia
788 2657 835 2688 ad
854 2653 1066 2698 Constantium
1095 2653 1180 2696 imp„
1216 2663 1246 2684 c.
1283 2662 1337 2691 27,
1361 2648 1515 2693 Apologia

139 2706 281 2751 defuga
294 2707 377 2751 sua,
394 2721 421 2742 e.
440 2723 472 2752 4,
490 2709 630 2754 Historia
647 2709 846 2742 Arianorum
866 2710 913 2740 ad
935 2706 1111 2747 monachos,
1129 2717 1157 2738 c.
1185 2716 1227 2746 34
1246 2703 1400 2747 (Migne,
1423 2703 1514 2734 Patr.

134 2772 204 2805 gr„
224 2763 331 2804 XXV,
360 2774 409 2797 cc.
429 2767 508 2806 630,
543 2769 622 2806 649,
640 2764 832 2807 732-733)‚·
860 2763 880 2795 s.
904 2760 1120 2806 Epiphanius,
1139 2760 1232 2792 Adra.
1258 2756 1406 2800 haereses‚
1438 2756 1512 2789 Hae-
