2131 3552
813 228 952 292 (326)
1503 240 1565 291 45

199 400 214 419 «
242 394 304 424 tur
335 384 510 425 sanctum
546 384 716 424 Domini
745 400 758 418 »
795 384 955 434 (Zach.,
986 395 1072 432 xlv,
1105 382 1182 433 20).
1227 381 1288 420 Eo
1328 381 1436 419 enim
1467 391 1567 420 tem-

197 456 293 495 pore
328 443 566 483 Adrmticum
600 459 705 482 mare
735 443 889 494 magnis
922 441 1110 481 fluctibus
1141 440 1390 489 movebatur,
1426 440 1464 478 in
1486 455 1566 492 quo

196 512 277 541 tam
312 502 534 555 frequentia
572 512 683 540 erant
714 501 917 554 naufragia
952 515 996 539 ac
1036 499 1229 539 demersio
1266 498 1492 548 hominum,
1527 510 1568 537 ut

196 574 345 613 vorago
382 561 656 613 navigantium
692 561 906 598 diceretur.
941 559 1067 597 Tunc
1100 558 1266 610 provida
1302 557 1436 608 regina
1470 571 1568 595 con—

195 619 336 658 dolens
365 618 522 658 excidia
553 617 803 668 miserorum,
838 632 961 656 unum
993 633 1040 657 ex
1071 627 1244 670 quatuor
1272 615 1394 654 clavis
1418 615 1564 667 deponi

195 677 304 716 iubet
335 678 372 716 in
405 677 561 730 pelagO,
582 676 730 716 confisa
750 678 799 716 de
822 676 995 716 Domini
1019 675 1291 714 misericordia
1311 674 1419 727 quod
1444 673 1567 714 saevas

194 735 389 775 fluetuum
419 736 719 775 commotiones
755 735 870 774 facile
903 735 1016 788 poffit
1046 735 1288 787 opprimere.
1326 734 1428 788 Quo
1461 732 1567 771 facto

192 794 371 834 redditur
393 808 499 833 mare
521 795 718 847 quietum,
747 794 1044 848 tranquillaque
1073 794 1264 846 deinceps
1286 791 1567 844 navigantibus

192 852 316 892 flabra
351 853 593 905 praestantur.
638 853 758 893 Unde
799 853 920 906 usque
956 853 1077 891 hodie
1112 863 1243 891 nautae
1278 849 1565 889 sanctificatum

193 926 302 951 mare
324 923 578 962 venerantur,
613 926 707 951 cum
731 913 883 965 ingressi
906 912 1067 962 fuerint,
1098 912 1269 961 ieiuniis,
1301 908 1567 949 orationibus-

192 985 270 1024 que
292 970 330 1010 &
354 971 562 1024 psallentio
584 982 741 1011 vacant.

246 1029 472 1070 Clavorum
494 1045 590 1083 ergo
610 1029 931 1070 Dominicorum
951 1031 1076 1083 gratia
1094 1030 1202 1083 quod
1227 1039 1400 1082 quatuor
1422 1027 1567 1066 fuerint

192 1089 276 1128 haec
303 1088 358 1128 est
379 1089 502 1128 ratio:
532 1090 612 1128 duo
636 1089 721 1128 sunt
743 1090 846 1129 affixi
871 1092 909 1128 in
934 1089 1089 1142 palmis,
1121 1089 1157 1128 &
1180 1090 1260 1127 duo
1283 1088 1321 1127 in
1346 1086 1506 1140 plantis:
1529 1084 1567 1125 &

191 1147 381 1200 quaeritur
401 1161 471 1186 cur
492 1147 638 1200 plantae
661 1149 787 1187 affixae
808 1147 892 1197 fint,
920 1163 1010 1201 quae
1045 1148 1081 1186 in
1103 1161 1224 1186 cruce
1253 1146 1384 1185 sanita
1414 1146 1566 1198 depen-

191 1205 284 1245 dere
314 1205 404 1245 visae
443 1206 515 1245 sint
537 1207 670 1259 potius
692 1220 814 1259 quam
837 1206 961 1245 stare?
994 1206 1067 1246 Sed
1094 1207 1129 1245 in
1152 1205 1282 1258 stipite
1304 1204 1440 1244 erecto
1463 1205 1568 1243 fora-

192 1278 283 1303 men
307 1265 457 1304 fa&um
489 1265 741 1304 manifestum
763 1265 828 1304 est.
872 1264 945 1305 Pes
967 1280 1131 1318 quoque
1155 1263 1329 1317 parvulae
1361 1262 1505 1302 tabulae
1527 1263 1565 1301 in

190 1323 268 1362 hoc
291 1323 471 1362 foramen
496 1323 660 1364 insertus
681 1324 756 1372 est;
786 1323 899 1376 super
919 1324 1021 1363 hanc
1045 1338 1139 1363 vero
1163 1322 1354 1372 tabulam,
1376 1333 1566 1374 tanquam

190 1380 326 1422 stantis
348 1382 538 1432 hominis,
560 1383 674 1422 sacrae
691 1384 819 1422 affixae
841 1382 928 1422 sunt
946 1382 1103 1435 plantae.
1135 1407 1186 1411 —
1213 1381 1426 1438 Quaeritur
1445 1382 1566 1420 etiam

189 1441 285 1493 quid
318 1442 366 1480 de
394 1441 455 1481 his
483 1441 606 1481 clavis
628 1441 746 1481 fuerit
768 1442 930 1481 faenum.
965 1441 1063 1481 Duo
1086 1441 1186 1491 sunt,
1207 1455 1309 1493 quos
1331 1440 1444 1492 supra
1463 1439 1566 1478 dixi-

190 1513 291 1550 mus,
321 1501 444 1552 aptati
477 1502 515 1539 in
539 1501 676 1549 freno;
709 1502 850 1540 tertius
881 1501 1086 1554 proiectus
1115 1501 1153 1539 in
1176 1501 1345 1548 fretum3
1380 1509 1566 1552 quartum

189 1556 363 1598 afferunt
382 1557 459 1598 esse
480 1558 656 1598 defixum
680 1561 718 1599 in
741 1561 872 1612 capite
893 1559 1029 1599 statuae
1051 1558 1321 1608 Constantini,
1351 1572 1440 1611 quae
1467 1558 1566 1597 civi-

189 1627 282 1667 tate,
313 1628 356 1657 ut
376 1619 500 1668 aiunt,
535 1629 620 1657 tota
655 1616 848 1657 excelsior
877 1616 954 1657 effe
984 1617 1200 1670 suscipitur,
1236 1616 1385 1656 scilicet
1420 1626 1462 1655 ut
1484 1625 1566 1655 tota

187 1677 252 1716 cui
275 1677 438 1727 eminet,
460 1678 688 1716 munitione
721 1676 853 1716 salutis
885 1677 1063 1730 quodam
1085 1677 1208 1715 modo
1233 1676 1345 1729 galea
1375 1685 1566 1714 coronata

187 1734 294 1775 effet.
325 1735 525 1788 Magnam
547 1735 716 1775 afferunt
739 1737 927 1775 virtutem
957 1735 1032 1774 effe
1055 1736 1171 1775 huius
1193 1735 1313 1774 freni:
1349 1735 1457 1787 quod
1481 1748 1565 1773 am-

188 1795 268 1848 bigi
308 1809 565 1848 nequaquam
601 1795 743 1847 potest,
784 1795 892 1848 quod
928 1792 1101 1834 Iustinus
1144 1795 1363 1846 imperator
1404 1792 1564 1845 publice

187 1863 376 1906 expertus
407 1853 462 1892 est
491 1867 536 1892 ac
558 1852 633 1892 suis
655 1853 844 1893 omnibus
868 1854 1068 1906 patefecit.
1101 1851 1243 1892 Illusus
1274 1853 1382 1891 enim
1413 1866 1434 1890 a
1462 1866 1565 1904 quo-

187 1913 279 1951 dam
309 1926 426 1965 mago
461 1922 624 1965 propter
654 1913 870 1965 pecuniam
901 1910 1093 1962 amissam,
1139 1926 1229 1965 quae
1263 1910 1331 1950 fibi
1365 1911 1563 1950 daemonis

187 1971 330 2010 umbra
358 1971 630 2011 intolerabiles
654 1986 724 2024 per
745 1971 914 2010 duarum
943 1971 1140 2010 curricula
1170 1970 1352 2010 noetium
1374 1968 1563 2009 intulisset

187 2029 380 2069 indicavit
408 2029 576 2079 insidias,
608 2030 669 2068 sed
706 2044 800 2069 curn
823 2030 937 2069 tertia
958 2030 1079 2069 noete
1101 2030 1259 2068 frenum
1289 2029 1411 2081 capiti
1434 2027 1564 2067 collo-

185 2086 317 2138 caffet,
338 2087 476 2127 locum
497 2087 707 2127 infidiandi
731 2089 919 2128 inimicus
942 2087 1045 2128 ultra
1066 2103 1147 2128 non
1167 2088 1320 2138 habuit,
1340 2098 1564 2140 repertum-

185 2161 264 2200 que
284 2147 491 2186 amstorem
512 2146 743 2187 insidiarum
763 2147 897 2200 gladio
920 2147 1091 2200 perculit
1111 2177 1332 2186 ........
1369 2164 1383 2182 >>

281 2238 400 2281 [Greg.
422 2238 571 2279 Turon.,
590 2239 639 2271 De
658 2237 770 2281 gloria
792 2245 984 2280 martyrum,
1002 2238 1021 2271 l.
1045 2239 1069 2279 l,
1089 2250 1116 2271 c.
1138 2250 1154 2279 5
1175 2238 1205 2270 δι
1226 2241 1244 2270 6
1271 2236 1340 2281 (ed.
1366 2236 1518 2278 Bordier,
1538 2238 1564 2277 I,

185 2304 241 2336 pp·
267 2290 415 2335 12-19)·]

241 2400 256 2420 «
284 2382 515 2438 Quomodo
538 2384 700 2422 inventa
730 2383 803 2422 fuit
831 2382 962 2423 samaa
982 2398 1081 2423 crux
1113 2383 1207 2422 scire
1230 2383 1435 2422 debemus.
1468 2380 1562 2421 Fuit

184 2442 224 2481 in
246 2452 429 2495 ternpore
447 2441 704 2482 Constantini
727 2442 892 2495 quidam
915 2441 1085 2495 serpens,
1107 2443 1173 2495 qui
1193 2441 1434 2481 comedebat
1457 2440 1560 2479 mul-

185 2510 246 2540 tos
273 2501 458 2541 homines
488 2501 769 2540 Romanorum
803 2500 840 2540 δε
862 2501 1026 2541 bestias:
1062 2502 1170 2540 venit
1202 2502 1335 2554 itaque
1362 2499 1562 2540 Constan-

185 2559 305 2609 tinus,
334 2558 372 2598 &
401 2560 552 2599 occidit
572 2559 807 2612 serpentem,
835 2560 872 2599 δε
894 2561 942 2599 de
964 2575 1120 2599 veneno
1143 2559 1335 2612 serpentis
1358 2559 1484 2598 faetus
1507 2559 1561 2597 est

184 2617 373 2670 leprosus.
391 2617 457 2657 Sui
474 2619 660 2657 homines
675 2629 890 2671 coeperunt
906 2633 1086 2672 quaerere
1104 2619 1283 2658 medicos
1297 2618 1365 2671 qui
1379 2617 1560 2656 sanarent

185 2690 291 2716 eum.
323 2677 387 2715 Ad
421 2676 609 2716 ultimum
630 2678 741 2716 venit
761 2678 924 2730 quidam
947 2677 1141 2727 medicus,
1172 2678 1239 2730 qui
1274 2677 1387 2716 dixit·
1405 2675 1441 2715 se
1466 2689 1557 2714 eum

186 2734 331 2787 sanare,
362 2735 467 2775 unde
502 2736 578 2775 fuit
598 2750 788 2790 magnum
809 2737 1002 2789 gaudium
1034 2737 1136 2776 inter
1166 2736 1386 2776 Romanos.
1421 2733 1559 2774 Dixit-
