2131 3552
382 1108 417 1137 C.
441 1105 519 1154 40.

445 1514 522 1566 43-

549 265 582 314 4
1146 253 1306 317 40-46

551 405 700 448 Galliis
743 417 929 448 matrona
966 409 1152 462 quaedam
1185 409 1454 468 Hierosolymis
1484 411 1650 463 abierat,
1680 426 1755 465 pro
1792 412 1918 452 devo-

549 465 660 505 tione
699 476 866 518 tantum,
899 478 942 507 ut
976 467 1151 508 Domini
1185 468 1224 509 δε
1263 469 1478 511 salvatoris
1508 470 1633 510 nostri
1665 471 1917 524 praesentiam

549 535 784 564 mereretur.
801 526 973 566 Audivit
991 536 1126 567 autem
1146 528 1256 582 quod
1277 528 1416 569 beatus
1432 527 1606 570 Ioannes
1623 529 1917 571 decollaretur:

548 582 659 621 cursu
680 582 777 622 illuc
796 584 936 637 rapido
967 584 1108 635 tendit,
1132 585 1311 640 datisque
1337 587 1570 628 muneribus
1599 587 1797 641 supplicat
1826 601 1917 641 per-

548 639 707 692 cussori,
737 652 780 682 ut
805 656 894 681 eam
924 642 1155 697 sanguinem
1185 645 1429 685 defluentem
1450 645 1642 699 colligere
1665 648 1919 700 permitteret

547 715 628 739 non
651 701 789 740 arceri.
810 699 888 740 Illo
911 712 1046 741 autem
1063 704 1327 755 percutiente,
1348 714 1530 744 matrona
1551 706 1752 745 concham
1773 720 1915 759 argen-

548 770 654 798 team
675 770 883 812 praeparat,
900 770 1168 814 truncatoque
1191 762 1374 815 martyris
1395 764 1542 815 capite,
1559 778 1749 804 cruorem
1769 765 1919 805 devota

546 817 731 870 suscepit:
755 832 876 871 quem
898 818 1112 872 diligenter
1133 820 1172 859 in
1190 819 1368 873 ampulla
1386 819 1559 874 pofitum
1578 823 1746 874 patriam
1763 822 1921 875 detulit,

547 876 585 916 &
602 876 706 929 apud
730 876 984 916 vasatensem
1011 878 1165 929 urbem,
1182 878 1377 919 aedificata
1398 879 1436 918 in
1458 882 1544 920 eius
1564 881 1722 921 honore
1744 881 1921 933 ecclefia,

548 936 587 974 in
609 935 742 975 saneto
764 935 875 974 altari
897 935 1131 976 collocavit.
1156 953 1170 973 »

641 1006 838 1050 [Gregorius
854 1006 1250 1051 Turonenfis‚Degloria
1262 1015 1455 1052 martyrum,
1466 1020 1495 1043 c.
1515 1022 1568 1052 12,
1582 1010 1634 1043 ed.
1648 1011 1800 1054 Gnadet,
1817 1013 1846 1054 I,
1860 1014 1924 1055 38.]

548 1086 588 1103 *Ε*
608 1087 835 1149 QILIUS,
866 1105 934 1131 rex
958 1089 1281 1148 Britosaxonum,
1308 1092 1376 1148 qui
1399 1091 1702 1151 Qovigentum
1730 1093 1925 1137 codicia-

545 1160 693 1219 censem
722 1160 920 1218 reliquias
943 1178 963 1202 e
987 1159 1112 1204 ‘Terra
1137 1161 1284 1221 Sancqa
1310 1161 1485 1220 attulzffe
1499 1164 1723 1221 ferebatur.
1758 1173 1813 1219 (3)

601 1258 615 1277 «
650 1239 809 1280 Exinde
840 1241 1117 1293 progrediens,
1144 1241 1232 1295 post
1265 1243 1424 1283 emensa
1453 1242 1523 1283 soli
1559 1243 1757 1298 marisque
1788 1244 1922 1298 spatia,

545 1299 707 1339 tandem
734 1299 1079 1355 Hierosolymitanis
1098 1299 1173 1340 sese
1195 1301 1397 1342 moenibus
1418 1302 1606 1342 intulit....
1628 1319 1644 1339 »

639 1366 837 1409 [Guibertus
855 1366 896 1398 de
918 1366 1124 1410 Novigento‚
1148 1369 1200 1401 De
1219 1367 1298 1401 vita
1313 1369 1395 1412 sua,
1413 1369 1432 1402 1.
1451 1370 1497 1411 ΙΙ,
1514 1381 1542 1403 c.
1571 1382 1585 1402 1
1620 1370 1772 1415 (Migne,
1801 1370 1920 1405 Patrol.

543 1419 616 1461 lat.,
637 1420 757 1460 CLVI,
777 1431 805 1452 c.
830 1420 937 1462 895).]

544 1502 734 1558 COTYS,
759 1520 827 1546 rex
840 1506 1044 1548 cArmenioe
1062 1507 1245 1562 minoris,
1265 1504 1304 1548 ὃ*
1320 1504 1539 1562 POLEMO,
1560 1523 1629 1551 rex
1649 1509 1786 1552 Ponti.
1799 1517 1855 1561 (4)

638 1578 822 1622 [IosephuS,
839 1579 963 1624 Antiq.,
982 1579 1001 1612 1.
1021 1581 1120 1623 XIX,
1138 1591 1167 1613 c.
1188 1584 1219 1622 8,
1238 1580 1289 1614 ed.
1310 1580 1467 1623 Dindorf,
1483 1582 1510 1624 I,
1532 1583 1626 1624 764.]

509 1693 517 1701 .
542 1655 561 1672 *
579 1655 809 1712 HELENA,
834 1658 1140 1701 eAdiahenorum
1167 1661 1327 1718 regina.
1345 1663 1416 1708 (5)

597 1735 793 1775 «Eodem
816 1750 921 1775 anno
947 1737 1104 1790 imperij
1133 1737 1232 1787 eius,
1259 1737 1382 1777 fames
1410 1737 1634 1791 gravissima
1663 1752 1733 1790 per
1764 1738 1919 1792 Syriam

538 1795 641 1835 faeta
661 1794 729 1845 est,
745 1809 866 1848 quam
887 1795 1008 1835 etiam
1030 1797 1241 1849 prophetae
1263 1796 1632 1849 praenuntiaverant
1641 1815 1653 1846 3
1685 1797 1747 1837 sed
1780 1797 1917 1839 Chris-

538 1855 742 1895 tianorum
792 1855 1084 1895 neceffitatibus
1122 1856 1228 1908 apud
1272 1855 1586 1912 Hierosolymam,
1621 1856 1830 1897 convectis
1868 1857 1918 1898 ab

536 1914 686 1967 AEgypto
717 1914 947 1964 frumentis,
974 1913 1148 1964 Helena,
1169 1913 1442 1955 Adiabenorum
1463 1915 1620 1968 regina,
1649 1915 1841 1956 conversa
1868 1917 1916 1956 ad

535 1973 658 2013 fidem
680 1972 844 2023 Christi,
860 1972 1071 2026 largissime
1093 1972 1333 2013 ministravit
1337 2004 1398 2014 .....
1422 1990 1438 2010 >>

629 2044 767 2087 [Paulus
787 2044 932 2086 Orosius,
950 2044 1108 2088 Ht'storiae,
1127 2045 1147 2078 l.
1169 2046 1242 2087 VII,
1257 2057 1287 2079 c.
1316 2048 1334 2078 6
1365 2045 1519 2090 (Migne,
1543 2046 1662 2080 Patrol.
1685 2046 1760 2089 lat„
1785 2047 1918 2089 XXXI,

534 2108 561 2132 c.
588 2098 702 2142 ¹075)·
722 2097 773 2131 Cf.
795 2098 816 2131 s.
838 2098 1077 2143 HIeronymus,
1095 2100 1227 2142 Peregr.
1250 2098 1374 2140 Paulae,
1391 2098 1497 2143 supra,
1519 2107 1546 2133 t.
1568 2101 1596 2143 1,
1615 2113 1644 2145 p.
1668 2101 1734 2142 32.]

631 2156 703 2200 (Cf.
720 2157 887 2202 Iosephus,
911 2159 986 2191 Ant.
1003 2159 1092 2200 Iud„
1111 2158 1129 2191 Ι.
1145 2159 1224 2199 XX,
1251 2169 1280 2191 c.
1298 2171 1377 2200 2-4,-
1398 2157 1473 2192 Bell.
1487 2160 1571 2202 Iud,
1590 2159 1610 2192 l.
1630 2161 1672 2201 V,
1691 2170 1722 2193 c.
1747 2173 1779 2201 2,
1802 2170 1835 2202 3,
1852 2162 1916 2204 463

535 2209 555 2242 Ι.
579 2211 640 2251 VI,
668 2222 695 2244 c.
723 2214 756 2253 6,
787 2211 838 2244 ed.
860 2210 1018 2253 Dindorf,
1041 2212 1069 2252 Ι,
1100 2213 1265 2253 769-776,
1293 2212 1336 2253 II,
1362 2222 1443 2254 232,
1470 2223 1550 2253 237,
1589 2224 1668 2254 239,
1705 2215 1785 2254 246,
1824 2215 1914 2256 2963

537 2263 700 2296 Eusebius
727 2264 862 2305 Caesar„
891 2264 970 2308 Hist.
992 2263 1170 2307 ecclefiast.,
1197 2264 1218 2297 l.
1247 2265 1289 2308 ΙΙ,
1319 2275 1347 2298 c.
1371 2277 1411 2298 12
1444 2264 1593 2309 [Migne,
1621 2267 1715 2300 Patr.
1736 2277 1807 2309 gr„
1838 2268 1918 2310 XX,

546 2328 576 2350 c.
601 2317 693 2360 165},
710 2318 741 2350 δε
760 2317 887 2351 Itinera
897 2329 1027 2361 graeca,
1048 2318 1097 2360 Ι.)

361 2395 519 2459 44-46.
539 2397 557 2415 ⁴*
575 2399 887 2445 APOLLoNan
911 2399 1207 2445 TYANENSIS.
1225 2409 1293 2452 (6)

593 2490 607 2509 «
625 2473 871 2526 Apollonius
893 2474 1057 2513 intravit
1078 2472 1232 2530 Persas.
1245 2505 1254 2514 .
1267 2505 1294 2514 ..
1312 2474 1350 2515 &
1367 2475 1551 2527 pervenit
1567 2475 1615 2514 ad
1633 2475 1909 2516 Brachmanas

534 2563 543 2572 .
557 2562 565 2571 .
578 2562 586 2571 .
599 2562 608 2571 .
629 2532 723 2572 inde
746 2547 814 2585 per
833 2533 1030 2583 Elamitas,
1051 2533 1280 2586 Babylonios,
1309 2533 1515 2585 Chaldaeos,
1539 2533 1690 2585 Medos,
1723 2537 1761 2574 A
1755 2533 1909 2588 ffitrios,

536 2591 709 2641 Parthos,
730 2591 845 2644 Syros,
868 2592 1068 2643 Phoenices,
1096 2591 1250 2643 Arabes,
1279 2591 1505 2646 Palaestinos,
1533 2592 1709 2634 reversus
1741 2592 1907 2633 Alexan-

536 2650 663 2690 driam
667 2680 767 2690 .....
803 2667 818 2686 >>
1171 2673 1175 2676 ·

629 2718 673 2758 [8.
696 2716 934 2763 Hieronymus,
952 2717 1043 2762 Epist.
1067 2718 1149 2752 LIII
1160 2719 1209 2751 ad
1227 2717 1398 2752 Paulinum
1416 2717 1565 2763 (Migne,
1585 2719 1679 2752 Patr.
1705 2718 1776 2761 lat.,
1797 2719 1911 2761 XXII,

536 2781 564 2804 c·
581 2769 693 2815 54¹)·]
