2131 3552
585 209 648 256 60
1146 211 1403 274 (355-358)

643 375 659 396 «
674 358 886 413 Scythopolis
904 368 1039 398 autem
1059 358 1152 398 urbs
1171 358 1227 399 est
1247 359 1461 414 Palaestinae
1480 359 1638 414 infignis
1660 361 1699 400 in
1721 361 1829 401 tribu
1854 362 1949 403 Ma-

586 415 689 457 naffe
724 416 859 470 polita,
880 432 969 470 quae
989 416 1067 456 alio
1086 418 1253 458 nomine
1274 418 1435 476 Bethsan
1456 429 1636 470 vocatur,
1662 434 1785 473 quam
1816 420 1952 474 Serip-

587 486 673 515 tura
711 475 846 514 divina
878 476 1140 528 cognominat
1177 476 1346 516 domum
1380 478 1544 528 Nicam,
1593 477 1702 531 quod
1743 480 1783 518 in
1817 479 1952 520 nostra

587 535 723 587 lingua
748 533 892 573 domus
914 534 1174 573 inimicorum
1195 534 1362 575 dicitur:
1396 537 1498 576 hanc
1528 547 1663 576 autem
1695 550 1779 576 non
1814 538 1951 590 potuit

589 590 805 644 Manaffes,
825 592 863 631 id
881 592 935 631 est
956 592 1128 644 populus
1149 590 1265 632 Israel
1281 594 1529 645 haereditare,
1546 592 1645 635 ficut
1661 596 1702 634 in
1719 594 1821 635 libro
1839 594 1953 636 Iudi-

588 666 682 691 cum
699 651 865 692 dicitur:
888 667 977 705 quae
997 653 1118 691 etiam
1134 652 1228 693 urbs
1245 651 1299 692 est
1320 653 1569 706 Scytharum,
1589 667 1684 693 nam
1706 653 1864 708 Scythae
1880 654 1955 694 ali-

589 711 751 763 quando
765 711 952 750 bellando
970 711 1147 764 undique
1160 711 1279 764 longe
1296 710 1469 765 lateque,
1481 712 1770 766 AEgyptiorum
1786 726 1955 767 regnum

590 769 722 823 egreffi
756 769 1024 823 cumframque
1046 784 1147 822 pene
1169 768 1306 809 Afiam
1327 781 1522 821 tenentes,
1550 772 1654 811 hanc
1687 771 1958 812 condiderunt

591 829 756 877 urbem3
776 827 831 868 est
846 829 967 868 etiam
983 828 1235 881 metropolis,
1251 828 1348 868 ficut
1369 829 1408 868 in
1425 829 1569 868 eodem
1586 829 1689 870 libro
1707 829 1865 883 legitur.
1887 831 1952 870 Ad

590 889 693 926 hanc
726 901 823 939 ergo
853 887 995 926 urbem
1027 901 1119 927 cum
1154 888 1275 926 exilio
1305 887 1521 940 perdu<S³ms
1556 887 1662 939 effet,
1695 899 1740 929 ut
1773 889 1961 941 diximus,

592 946 730 986 beatus
755 945 962 996 Eusebius,
993 960 1115 986 cavea
1150 946 1401 996 constrififfls,
1431 946 1526 986 licet
1554 961 1636 986 non
1667 947 1959 988 dele&abiliter

591 1005 627 1044 se
645 1019 809 1044 movere
837 1003 1035 1058 potuisset,
1057 1015 1189 1044 tamen
1212 1015 1367 1044 vertere
1390 1005 1425 1044 se
1446 1005 1485 1044 &
1505 1005 1821 1059 circumquaque
1849 1006 1960 1060 pros-

592 1063 727 1116 picere
744 1074 920 1116 poterat:
943 1064 1052 1116 quod
1074 1073 1286 1103 cernentes
1305 1064 1457 1114 Ariani,
1470 1064 1563 1103 inde
1580 1078 1673 1103 eum
1689 1064 1962 1105 abstraxerunt

592 1121 630 1161 &
651 1122 690 1160 in
708 1122 870 1175 angusta
890 1122 1013 1162 domo
1034 1121 1271 1172 clauserunt,
1287 1122 1354 1161 ubi
1376 1121 1551 1162 clausum
1568 1123 1799 1174 retinentes,
1815 1123 1962 1163 abstra-

591 1191 737 1220 xerunt
757 1181 804 1220 ab
826 1195 874 1220 eo
895 1181 1082 1220 ciborum
1103 1190 1223 1234 atque
1246 1191 1364 1233 potus
1386 1181 1560 1234 copiam,
1580 1181 1634 1220 ita
1654 1191 1699 1221 ut
1718 1196 1789 1235 per
1809 1182 1960 1223 multos

592 1239 675 1279 dies
709 1239 883 1278 inediam
913 1249 1131 1292 pateretur,
1166 1239 1204 1279 &
1232 1253 1333 1292 pene
1359 1239 1635 1279 diffolveretur
1667 1240 1780 1280 famis
1814 1241 1962 1294 inopia.

591 1298 718 1337 Tunc
749 1296 899 1350 scripsit
933 1297 1080 1337 librum
1111 1299 1157 1337 ad
1190 1297 1471 1351 Patrophilum
1500 1298 1732 1338 custodem:
1768 1316 1783 1335 «
1818 1299 1965 1339 Servus

596 1372 613 1396 «
635 1356 715 1396 Dei
739 1356 932 1396 Eusebius
968 1371 1061 1395 cum
1095 1356 1293 1396 conservis
1328 1356 1416 1407 suis,
1440 1356 1674 1410 patrophilo
1695 1357 1849 1397 custodi
1872 1371 1966 1397 cum

598 1433 612 1453 «
634 1416 721 1455 suis.
746 1415 987 1468 Rapuerunt
1004 1429 1068 1454 me
1086 1415 1385 1466 Arriomanitae,
1406 1415 1444 1455 &
1460 1416 1498 1454 vi
1517 1415 1738 1455 multorum
1758 1416 1886 1456 nimio
1905 1416 1967 1455 fu-

598 1492 613 1511 «
633 1488 724 1513 rore
740 1474 891 1513 nudato
908 1486 1080 1527 corpore
1098 1488 1161 1513 me
1179 1473 1364 1527 supinum
1381 1475 1430 1513 de
1447 1488 1568 1514 cavea
1581 1473 1785 1527 hospitioli
1803 1487 1873 1527 per
1890 1485 1968 1514 ter-

599 1550 614 1570 «
636 1546 720 1572 ram
737 1542 957 1582 traxerunt,
969 1546 1115 1584 meque
1132 1532 1171 1572 in
1188 1532 1360 1585 hospitio
1376 1531 1454 1572 alio
1473 1531 1650 1572 clausum
1669 1543 1820 1584 tenent,
1837 1547 1968 1586 neque

600 1609 614 1628 ‹<
636 1604 782 1644 panem
803 1591 1140 1630 manducaturum
1163 1605 1293 1644 neque
1310 1604 1457 1644 aquarn
1474 1590 1698 1630 bibiturum
1715 1590 1970 1644 profitentur,

600 1668 615 1686 «
635 1648 842 1703 quousque
863 1648 1110 1688 consentiam
1131 1649 1229 1689 illis:
1252 1663 1374 1703 quare
1390 1659 1667 1702 opportunum
1684 1649 1739 1689 est
1756 1649 1854 1689 mihi
1878 1660 1970 1690 ante

600 1726 615 1746 «
637 1709 685 1748 de
706 1722 879 1760 corpore
900 1708 1022 1758 exire,
1044 1722 1165 1761 quam
1188 1707 1257 1747 ista
1277 1707 1512 1747 consentire.
1543 1708 1692 1747 Videte
1714 1709 1809 1761 quia
1828 1719 1972 1748 contra

601 1785 616 1804 «
638 1768 697 1807 ius
712 1767 894 1805 divinum
909 1780 954 1805 ac
972 1766 1181 1819 publicum
1197 1765 1469 1815 commifistis3
1491 1767 1570 1806 iam
1588 1767 1676 1806 sunt
1691 1767 1799 1806 enirn
1818 1766 1968 1820 septem

602 1844 617 1864 «
638 1826 736 1876 dies,
765 1824 803 1865 &
836 1825 906 1864 nis1
934 1825 1013 1864 hoc
1048 1825 1368 1876 emendaveritis,
1389 1826 1497 1865 eritis
1522 1825 1662 1878 procul
1685 1825 1809 1865 dubio
1830 1826 1966 1866 homi-

601 1901 617 1921 «
639 1885 751 1924 cidae.
771 1900 785 1919 »
812 1882 1130 1939 Quartadecima
1151 1883 1214 1922 die
1234 1883 1368 1936 igitur,
1389 1881 1695 1935 superveniente
1718 1882 1970 1937 Patrophilo,

599 1957 693 1984 cum
731 1942 806 1983 suis
842 1940 1054 1982 confilium
1088 1942 1238 1992 iniens,
1281 1942 1451 1995 mitigati
1495 1942 1573 1981 hoc
1607 1940 1770 1993 libello,
1818 1942 1857 1982 in
1892 1942 1972 1982 alio

601 2001 729 2042 rursus
750 2015 843 2041 eum
868 2001 1039 2054 hospitio
1059 2002 1312 2054 receperunt,
1343 2000 1622 2053 permittentes
1656 1999 1768 2053 loqui
1806 2015 1900 2040 cum
1922 2016 1970 2041 eo

601 2062 670 2115 qui
700 2070 892 2100 venerant
922 2060 1046 2113 gratia
1075 2057 1328 2100 visitationis:
1365 2058 1403 2098 &
1422 2060 1502 2098 hoc
1532 2073 1614 2098 non
1643 2059 1723 2099 diu.
1763 2057 1971 2112 Vigefimo

602 2121 744 2175 quinto
766 2119 829 2159 die
850 2129 1068 2171 erumpunt
1089 2118 1237 2169 denuo,
1257 2118 1294 2158 &
1323 2118 1465 2158 armati
1501 2117 1664 2157 fustibus
1696 2118 1742 2157 ad
1774 2132 1868 2157 eum
1903 2133 1972 2158 ve-

602 2194 695 2220 nere
713 2180 751 2218 in
768 2177 953 2231 hospitiO,
970 2192 1144 2230 eumque
1161 2178 1372 2230 rapientes,
1389 2179 1428 2216 in
1447 2176 1660 2230 angustiori
1678 2190 1839 2216 carcere
1856 2191 1970 2217 man-

603 2239 724 2292 cipati
746 2237 852 2286 sunt3
887 2237 1035 2290 talique
1073 2236 1270 2290 ergastulo
1301 2250 1394 2275 eum
1425 2235 1683 2285 recluserunt,
1704 2245 1746 2274 ut
1779 2233 1874 2274 effer
1901 2235 1972 2276 illo

605 2298 764 2337 brevior
798 2294 948 2348 illoque
978 2295 1016 2333 in
1054 2294 1264 2334 latitudine
1293 2294 1515 2347 angustior,
1546 2295 1599 2334 ita
1629 2305 1672 2334 ut
1702 2308 1832 2348 genua
1866 2293 1972 2334 illius

605 2369 726 2396 curva
771 2354 892 2408 pedes
938 2354 1193 2393 extendendo
1242 2354 1409 2392 minime
1450 2354 1584 2393 videre
1635 2353 1723 2393 suos
1770 2350 1974 2405 potuiffet3

605 2424 727 2467 caput
759 2428 855 2453 vero
891 2414 946 2453 ita
984 2412 1156 2466 pressum
1189 2412 1272 2466 ipso
1311 2411 1506 2465 ergastulo
1541 2411 1726 2462 habebat,
1766 2421 1809 2450 ut
1841 2409 1973 2450 nulla-

606 2483 722 2513 tenus
780 2472 932 2513 coelum
981 2471 1175 2525 respicere
1226 2471 1440 2524 potuiffet3
1487 2472 1678 2510 humeros
1725 2479 1860 2509 autem
1910 2468 1974 2508 vel

606 2532 765 2572 cubitos
794 2533 960 2572 minime
982 2546 1146 2571 movere
1169 2541 1338 2583 poterat,
1367 2528 1589 2570 immobilis
1617 2539 1773 2568 tantum
1794 2541 1974 2578 manens,

608 2591 660 2641 δι,
690 2591 758 2630 nifi
786 2591 1041 2644 Angelorum
1061 2590 1282 2630 vifitatione
1318 2590 1534 2637 foveretur,
1568 2589 1790 2627 humanum
1825 2599 1973 2639 corpus

608 2651 711 2689 hanc
733 2650 916 2689 iniuriam
951 2661 1010 2689 tot
1032 2650 1171 2689 diebus
1198 2649 1298 2688 ferre
1321 2648 1488 2687 minime
1509 2645 1701 2686 valuiffet.
1733 2644 1808 2685 Sed
1839 2645 1974 2684 omni-

610 2719 753 2762 potens
776 2708 903 2759 Deus,
935 2709 1002 2762 qui
1024 2706 1166 2748 Ionam
1188 2707 1427 2760 prophetam
1460 2707 1499 2745 in
1520 2715 1657 2745 ventre
1687 2704 1765 2744 ceti
1793 2703 1976 2754 servavit,
