2131 3552
547 194 606 244 24
1161 179 1299 243 (250)

540 341 645 395 potiti
657 341 804 397 sumus,
829 341 883 380 ita
910 334 986 380 luci
1011 340 1071 380 illi
1096 339 1300 394 propagati
1318 339 1424 395 sunt,
1454 348 1494 379 ut
1519 339 1596 380 iam
1624 340 1722 380 nobis
1749 340 1912 396 latiffimi

546 406 649 446 colles
651 407 793 464 sudent
806 405 989 460 balsama.
1011 405 1149 445 Similes
1163 405 1300 444 vitibus
1302 404 1442 458 stirpes
1456 404 1607 444 habent:
1621 405 1796 446 malleolis
1811 406 1911 459 dige-

548 481 699 522 runtur,
726 470 862 524 rastris
890 470 1078 528 nitffcunt,
1100 484 1199 522 aqua
1221 470 1400 522 gaudent,
1429 479 1558 510 amant
1583 471 1790 524 amputari,
1810 481 1915 511 tena-

547 538 646 577 cibus
652 536 762 590 foliis
768 535 994 593 sempiterno
1017 535 1297 575 inumbrantur.
1318 534 1481 587 Lignum
1501 535 1662 576 caudicis
1681 542 1915 576 attrectatum

537 603 655 655 ferro
665 600 747 656 stne
766 615 872 640 mora
885 599 1068 639 moritur:
1084 609 1291 654 eapropter
1305 609 1373 639 aut
1390 599 1490 639 vitro
1511 609 1580 640 aut
1591 601 1784 642 cultellulis
1803 601 1917 656 offlis,

539 666 616 724 sed
629 663 767 720 insola
787 665 914 704 cortice
943 663 1082 719 artifici
1095 664 1216 717 plaga
1247 665 1490 715 vulneratur,
1519 682 1534 704 e
1564 681 1637 718 qua
1665 664 1919 723 eximiaesua-

551 730 680 770 vitatis
692 738 802 783 gutta
813 738 954 768 manat.
977 729 1063 782 Post
1073 729 1271 769 lacrimam
1277 729 1484 786 secundum
1494 730 1532 769 in
1543 731 1671 784 pretiis
1683 731 1798 771 locum
1811 741 1919 786 poma

553 797 718 846 obtinent,
738 803 858 834 cortex
877 794 1038 844 tertium,
1058 793 1204 833 ultimus
1225 793 1329 834 honos
1348 794 1454 846 ligno.

605 860 730 912 Longo
751 860 798 898 ab
819 857 1115 912 Hierosolymis
1137 857 1278 911 receſj'u
1299 858 1410 912 tristis
1419 856 1527 913 sinus
1540 859 1737 913 panditur,
1759 876 1861 913 quem
1880 861 1923 900 de

553 925 639 965 caelo
658 931 792 964 taltum
814 924 969 978 testatur
1002 922 1132 962 humus
1151 923 1262 974 nigra
1287 923 1332 962 {9⁵
1359 923 1396 961 in
1416 923 1570 963 cinerem
1589 924 1722 980 soluta
1731 945 1746 971 ;
1776 925 1829 965 ibi
1854 926 1923 965 duo

555 989 698 1042 oppida,
725 987 949 1028 sodomum
987 987 1212 1026 nominatum
1252 986 1423 1036 alterum,
1460 985 1620 1027 alterum
1655 987 1924 1040 Gomorrum,

556 1054 662 1108 apud
678 1068 760 1106 quae
775 1062 921 1106 pomum
942 1053 1040 1104 quod
1054 1051 1237 1104 gignitur,
1256 1051 1392 1091 habeat
1410 1051 1494 1091 licet
1506 1049 1666 1107 speciem
1684 1054 1926 1105 maturitatis,

555 1119 684 1159 mandi
709 1126 829 1157 tamen
857 1132 925 1156 non
950 1117 1083 1171 potest:
1108 1132 1195 1156 nam
1213 1116 1416 1170 fuliginem
1445 1116 1662 1174 intrinsecus
1674 1118 1927 1171 favillaciam

557 1183 703 1224 ambitio
723 1191 866 1222 tantum
886 1182 1029 1221 extimae
1049 1181 1138 1221 cutis
1157 1180 1300 1231 cohibet,
1321 1195 1403 1233 quae
1419 1181 1486 1220 vel
1497 1180 1574 1221 levi
1586 1181 1721 1236 preffa
1742 1190 1839 1223 taau
1850 1184 1929 1237 su-

557 1262 655 1286 mum
675 1245 829 1285 exhalat
843 1244 1048 1302 &fatiscit
1064 1244 1102 1283 in
1123 1259 1264 1297 vagum
1280 1244 1489 1297 pulverem.

615 1309 803 1349 Interiora
823 1307 971 1347 Iudaeae
992 1308 1200 1348 occidentem
1221 1323 1302 1360 quae
1323 1316 1536 1349 contuentur
1556 1307 1690 1349 Effeni
1712 1318 1841 1360 tenent,
1869 1308 1934 1361 qui

559 1373 789 1414 memorabili
816 1372 1009 1431 disciplina
1038 1372 1267 1426 recefferunt
1294 1389 1318 1412 a
1346 1374 1422 1412 ritu
1448 1374 1612 1426 gentium
1647 1374 1933 1432 universarum,

560 1438 757 1492 maiestatis
777 1447 818 1478 ut
836 1453 920 1478 reor
935 1437 1175 1491 providentia
1195 1438 1248 1477 ad
1263 1436 1358 1477 hunc
1377 1453 1513 1477 morem
1533 1438 1727 1492 destinati}
1750 1437 1857 1478 nulla
1884 1436 1936 1476 ibi

550 1503 703 1558 femina
715 1519 727 1543 :
747 1518 881 1543 venere
889 1503 937 1559 se
946 1503 1090 1556 penitus
1106 1503 1392 1553 abdicaverunt,
1401 1503 1598 1556 pecuniam
1614 1503 1788 1561 nesciunt,
1797 1501 1936 1557 palmis

562 1568 758 1614 vietitant‚·
777 1583 877 1607 nemo
901 1568 954 1607 ibi
979 1567 1150 1623 nascitur
1169 1583 1231 1606 nec
1251 1576 1371 1606 tamen
1398 1567 1515 1621 deficit
1532 1567 1713 1607 hominum
1733 1568 1936 1608 multitudo.

563 1633 681 1673 Locus
708 1633 784 1691 ipse
811 1633 975 1672 addictus
999 1632 1187 1685 pudicitiae
1221 1633 1280 1684 est,
1301 1632 1355 1672 ad
1380 1647 1482 1684 quem
1497 1633 1657 1686 plurimi
1683 1633 1764 1673 licet
1782 1633 1938 1686 undique

561 1699 725 1752 gentium
741 1707 943 1753 properent
951 1719 966 1744 ;
992 1698 1116 1738 nullus
1136 1698 1356 1749 admittitur,
1377 1697 1448 1753 nist
1466 1714 1567 1751 quem
1588 1699 1762 1754 castitatis
1777 1698 1874 1753 fides
1894 1699 1938 1738 ἔθ’

567 1764 778 1803 innocentiae
801 1764 972 1802 meritum
987 1763 1262 1819 prosequatur:
1281 1779 1368 1803 nam
1389 1763 1451 1815 qui
1464 1778 1550 1803 reus
1564 1765 1609 1816 est
1627 1764 1694 1803 vel
1701 1764 1795 1804 levis
1809 1763 1942 1818 culpae,

571 1828 743 1882 quamvis
746 1829 901 1886 summa
926 1838 985 1881 ope
1002 1827 1155 1885 adipisci
1166 1827 1370 1881 ingrestum
1385 1827 1489 1878 velit,
1499 1828 1676 1868 divinitus
1681 1826 1941 1884 submovetur.

571 1894 634 1934 Ita
650 1904 721 1948 per
750 1893 953 1949 inmensum
972 1890 1144 1948 spatium
1168 1892 1407 1948 saeculorum,
1438 1893 1647 1933 incredibile
1667 1894 1774 1944 dian,
1803 1903 1946 1934 aeterna

566 1974 655 2013 gens
684 1960 732 2014 est
759 1957 979 2012 ceffantibus
1003 1958 1223 2013 puerperiis.
1251 1957 1419 2011 Engada
1448 1959 1615 2013 oppidum
1639 1959 1750 2013 infra
1777 1957 1945 2000 Essenos

560 2025 660 2078 fuit,
677 2024 745 2079 sed
761 2023 919 2080 excisum
939 2023 1000 2077 est,
1021 2038 1154 2063 verum
1174 2023 1306 2063 inclitis
1320 2023 1523 2063 nemoribus
1550 2023 1670 2064 adhuc
1695 2025 1814 2065 durat
1842 2024 1948 2064 decus

572 2088 736 2146 lucisque
763 2088 985 2141 palmarum
1016 2088 1289 2143 eminentiſjimis
1315 2087 1410 2128 nihil
1432 2088 1499 2128 vel
1521 2089 1562 2128 de
1593 2103 1675 2128 aevo
1699 2089 1765 2129 vel
1791 2088 1833 2130 de
1862 2087 1948 2129 bello

578 2153 804 2205 derogatum.
827 2150 975 2192 ludaeae
996 2153 1172 2193 terminus
1191 2151 1376 2193 Maffada
1395 2153 1594 2205 castellum.

636 2216 806 2275 Transeo
827 2216 1089 2267 Damascum,
1115 2215 1450 2269 philadelphiam,
1470 2215 1738 2270 Rhaphanam
1754 2231 1762 2257 :
1779 2216 1950 2271 Scytho-

579 2281 660 2336 poli
678 2283 818 2335 primos
843 2281 980 2322 incolas
1009 2282 1053 2321 δέ
1080 2287 1265 2321 auctorem
1297 2281 1402 2320 dabo.
1432 2280 1549 2321 Liber
1577 2291 1702 2336 pater,
1732 2297 1812 2322 cum
1845 2282 1951 2322 humo

578 2347 755 2386 nutricem
781 2346 1006 2400 tradidiffet,
1034 2346 1192 2386 condidit
1218 2344 1278 2385 hoc
1308 2346 1489 2399 oppidum,
1511 2355 1552 2385 ut
1563 2346 1777 2403 flpulturae
1806 2346 1951 2387 titulum

577 2412 685 2452 etiam
708 2411 812 2451 urbis
831 2411 1012 2450 moenibus
1033 2410 1260 2465 ampliaret;
1279 2410 1406 2449 incolae
1438 2411 1604 2462 deerant,
1624 2427 1640 2450 e
1665 2412 1847 2451 comitibus
1867 2411 1954 2468 suis

579 2473 726 2527 Scythas
757 2475 898 2528 delegit,
925 2490 1007 2528 quos
1040 2485 1081 2515 ut
1108 2475 1224 2514 animi
1243 2474 1427 2527 firmaret
1453 2475 1506 2514 ad
1525 2484 1736 2528 promptam
1770 2475 1955 2531 resstendi

580 2539 813 2591 violentiam,
827 2541 1028 2593 praemium
1053 2540 1120 2579 loci
1141 2554 1264 2578 nomen
1285 2539 1393 2578 dedit.
1416 2538 1462 2578 ln
1483 2538 1665 2579 Seleucia
1685 2540 1782 2580 alter
1802 2539 1955 2581 Caffius

581 2619 679 2645 mons
706 2604 768 2658 est,
789 2604 1024 2645 Antiochiae
1049 2604 1289 2658 propinquus,
1324 2603 1424 2643 cuius
1453 2619 1468 2642 e
1504 2603 1641 2644 vertice
1674 2604 1809 2657 vigilia
1837 2603 1955 2644 adhuc

586 2678 727 2722 quarta
743 2667 960 2724 conspicitur
975 2669 1102 2721 globus
1106 2668 1198 2723 solis
1215 2670 1259 2708 &⁷
1289 2669 1398 2708 brevi
1416 2669 1576 2722 corporis
1595 2669 1816 2709 circumaetu
1837 2668 1956 2710 radiis
