<?xml version="1.0" encoding="UTF-8"?>
<!DOCTYPE html PUBLIC "-//W3C//DTD XHTML 1.0 Transitional//EN"
    "http://www.w3.org/TR/xhtml1/DTD/xhtml1-transitional.dtd">
<html xmlns="http://www.w3.org/1999/xhtml" xml:lang="en" lang="en">
 <head>
  <title>
</title>
<meta http-equiv="Content-Type" content="text/html;charset=utf-8" />
  <meta name='ocr-system' content='tesseract 3.04.00' />
  <meta name='ocr-capabilities' content='ocr_page ocr_carea ocr_par ocr_line ocrx_word'/>
</head>
<body>
  <div class='ocr_page' id='page_1' title='image "./p1itinerahierosoly02tobl_0079.png"; bbox 0 0 2131 3552; ppageno 0'>
   <div class='ocr_carea' id='block_1_1' title="bbox 831 221 1577 290">
    <p class='ocr_par' dir='ltr' id='par_1_1' title="bbox 831 221 1577 290">
     <span class='ocr_line' id='line_1_1' title="bbox 831 221 1577 290; baseline 0.003 -10"><span class='ocrx_word' id='word_1_1' title='bbox 831 221 968 283; x_wconf 85' lang='lat'><em>(372)</em></span> <span class='ocrx_word' id='word_1_2' title='bbox 1519 225 1577 290; x_wconf 71' lang='grc' dir='ltr'>ὡς</span> 
     </span>
    </p>
   </div>
   <div class='ocr_carea' id='block_1_2' title="bbox 211 375 1584 1022">
    <p class='ocr_par' dir='ltr' id='par_1_2' title="bbox 211 375 1583 946">
     <span class='ocr_line' id='line_1_2' title="bbox 268 375 1581 430; baseline 0.006 -18"><span class='ocrx_word' id='word_1_3' title='bbox 268 393 283 412; x_wconf 82' lang='grc'>«</span> <span class='ocrx_word' id='word_1_4' title='bbox 297 375 488 417; x_wconf 90' lang='lat' dir='ltr'>Tandem</span> <span class='ocrx_word' id='word_1_5' title='bbox 511 378 549 416; x_wconf 93' lang='lat' dir='ltr'>in</span> <span class='ocrx_word' id='word_1_6' title='bbox 567 377 723 416; x_wconf 90' lang='lat' dir='ltr'>incerto</span> <span class='ocrx_word' id='word_1_7' title='bbox 741 377 1072 430; x_wconf 82' lang='lat' dir='ltr'>peregrinationis</span> <span class='ocrx_word' id='word_1_8' title='bbox 1088 379 1250 428; x_wconf 85' lang='lat' dir='ltr'>erranti,</span> <span class='ocrx_word' id='word_1_9' title='bbox 1264 393 1357 417; x_wconf 91' lang='lat' dir='ltr'>cum</span> <span class='ocrx_word' id='word_1_10' title='bbox 1374 394 1437 419; x_wconf 95' lang='lat' dir='ltr'>me</span> <span class='ocrx_word' id='word_1_11' title='bbox 1454 380 1581 421; x_wconf 79' lang='lat' dir='ltr'>Thra—</span> 
     </span>
     <span class='ocr_line' id='line_1_3' title="bbox 212 435 1581 492; baseline 0.003 -18"><span class='ocrx_word' id='word_1_12' title='bbox 212 435 284 485; x_wconf 85' lang='lat' dir='ltr'>cia,</span> <span class='ocrx_word' id='word_1_13' title='bbox 304 435 443 476; x_wconf 89' lang='lat' dir='ltr'><em>Pontus</em></span> <span class='ocrx_word' id='word_1_14' title='bbox 480 446 599 489; x_wconf 90' lang='lat' dir='ltr'>atque</span> <span class='ocrx_word' id='word_1_15' title='bbox 637 435 821 488; x_wconf 73' lang='lat' dir='ltr'>Bithynia,</span> <span class='ocrx_word' id='word_1_16' title='bbox 862 446 1074 488; x_wconf 86' lang='lat' dir='ltr'>totumque</span> <span class='ocrx_word' id='word_1_17' title='bbox 1111 436 1279 476; x_wconf 81' lang='lat' dir='ltr'>Galatiae</span> <span class='ocrx_word' id='word_1_18' title='bbox 1313 437 1351 477; x_wconf 88' lang='lat'>&amp;</span> <span class='ocrx_word' id='word_1_19' title='bbox 1385 438 1581 492; x_wconf 80' lang='lat' dir='ltr'>Cappado—</span> 
     </span>
     <span class='ocr_line' id='line_1_4' title="bbox 212 493 1577 548; baseline 0.003 -15"><span class='ocrx_word' id='word_1_20' title='bbox 212 494 277 534; x_wconf 84' lang='lat' dir='ltr'>ciae</span> <span class='ocrx_word' id='word_1_21' title='bbox 315 495 390 534; x_wconf 91' lang='lat' dir='ltr'>iter</span> <span class='ocrx_word' id='word_1_22' title='bbox 429 494 467 534; x_wconf 90' lang='lat'>&amp;</span> <span class='ocrx_word' id='word_1_23' title='bbox 498 495 649 534; x_wconf 89' lang='lat' dir='ltr'>fervido</span> <span class='ocrx_word' id='word_1_24' title='bbox 681 493 834 533; x_wconf 81' lang='lat' dir='ltr'>Cilicum</span> <span class='ocrx_word' id='word_1_25' title='bbox 862 503 968 533; x_wconf 82' lang='lat' dir='ltr'>terra</span> <span class='ocrx_word' id='word_1_26' title='bbox 1001 494 1173 548; x_wconf 72' lang='lat' dir='ltr'>fregisset</span> <span class='ocrx_word' id='word_1_27' title='bbox 1203 495 1309 546; x_wconf 85' lang='lat' dir='ltr'>aestu,</span> <span class='ocrx_word' id='word_1_28' title='bbox 1346 496 1453 548; x_wconf 82' lang='lat' dir='ltr'>Syria</span> <span class='ocrx_word' id='word_1_29' title='bbox 1484 499 1577 537; x_wconf 80' lang='lat' dir='ltr'>mihi</span> 
     </span>
     <span class='ocr_line' id='line_1_5' title="bbox 212 552 1578 608; baseline 0.002 -16"><span class='ocrx_word' id='word_1_30' title='bbox 212 552 323 593; x_wconf 90' lang='lat' dir='ltr'>velut</span> <span class='ocrx_word' id='word_1_31' title='bbox 342 552 543 593; x_wconf 85' lang='lat' dir='ltr'>fidiffimus</span> <span class='ocrx_word' id='word_1_32' title='bbox 573 553 765 606; x_wconf 79' lang='lat' dir='ltr'>naufrago</span> <span class='ocrx_word' id='word_1_33' title='bbox 794 564 931 606; x_wconf 87' lang='lat' dir='ltr'>portus</span> <span class='ocrx_word' id='word_1_34' title='bbox 953 554 1141 593; x_wconf 89' lang='lat' dir='ltr'>occurrit.</span> <span class='ocrx_word' id='word_1_35' title='bbox 1178 554 1259 593; x_wconf 91' lang='lat' dir='ltr'>Ubi</span> <span class='ocrx_word' id='word_1_36' title='bbox 1282 569 1356 607; x_wconf 78' lang='lat' dir='ltr'>ego</span> <span class='ocrx_word' id='word_1_37' title='bbox 1384 556 1578 608; x_wconf 90' lang='lat' dir='ltr'>quidquid</span> 
     </span>
     <span class='ocr_line' id='line_1_6' title="bbox 214 609 1581 666; baseline 0.002 -16"><span class='ocrx_word' id='word_1_38' title='bbox 214 612 448 652; x_wconf 88' lang='lat' dir='ltr'>morborum</span> <span class='ocrx_word' id='word_1_39' title='bbox 469 609 545 651; x_wconf 85' lang='lat' dir='ltr'>effe</span> <span class='ocrx_word' id='word_1_40' title='bbox 567 622 723 665; x_wconf 89' lang='lat' dir='ltr'>poterat</span> <span class='ocrx_word' id='word_1_41' title='bbox 744 623 947 664; x_wconf 79' lang='lat' dir='ltr'>expertus,</span> <span class='ocrx_word' id='word_1_42' title='bbox 967 626 1014 650; x_wconf 82' lang='lat' dir='ltr'>ex</span> <span class='ocrx_word' id='word_1_43' title='bbox 1033 612 1190 652; x_wconf 89' lang='lat' dir='ltr'>duobus</span> <span class='ocrx_word' id='word_1_44' title='bbox 1207 612 1335 653; x_wconf 90' lang='lat' dir='ltr'>oculis</span> <span class='ocrx_word' id='word_1_45' title='bbox 1352 628 1476 652; x_wconf 90' lang='lat' dir='ltr'>unum</span> <span class='ocrx_word' id='word_1_46' title='bbox 1495 628 1581 666; x_wconf 89' lang='lat' dir='ltr'>per-</span> 
     </span>
     <span class='ocr_line' id='line_1_7' title="bbox 213 669 1581 724; baseline 0.001 -14"><span class='ocrx_word' id='word_1_47' title='bbox 213 670 312 710; x_wconf 91' lang='lat' dir='ltr'>didi:</span> <span class='ocrx_word' id='word_1_48' title='bbox 352 669 639 710; x_wconf 89' lang='lat' dir='ltr'>Innocentium</span> <span class='ocrx_word' id='word_1_49' title='bbox 675 671 797 720; x_wconf 91' lang='lat' dir='ltr'>enim,</span> <span class='ocrx_word' id='word_1_50' title='bbox 836 681 989 723; x_wconf 90' lang='lat' dir='ltr'>partem</span> <span class='ocrx_word' id='word_1_51' title='bbox 1024 671 1167 710; x_wconf 88' lang='lat' dir='ltr'>animae</span> <span class='ocrx_word' id='word_1_52' title='bbox 1206 685 1319 721; x_wconf 87' lang='lat' dir='ltr'>meae,</span> <span class='ocrx_word' id='word_1_53' title='bbox 1350 673 1581 724; x_wconf 87' lang='lat' dir='ltr'>repentinus</span> 
     </span>
     <span class='ocr_line' id='line_1_8' title="bbox 213 728 1582 770; baseline 0.002 -2"><span class='ocrx_word' id='word_1_54' title='bbox 213 729 383 769; x_wconf 88' lang='lat' dir='ltr'>febrium</span> <span class='ocrx_word' id='word_1_55' title='bbox 405 729 524 768; x_wconf 89' lang='lat' dir='ltr'>ardor</span> <span class='ocrx_word' id='word_1_56' title='bbox 543 728 744 769; x_wconf 88' lang='lat' dir='ltr'>abstraxit.</span> <span class='ocrx_word' id='word_1_57' title='bbox 766 728 892 768; x_wconf 90' lang='lat' dir='ltr'>Nunc</span> <span class='ocrx_word' id='word_1_58' title='bbox 913 743 994 768; x_wconf 93' lang='lat' dir='ltr'>uno</span> <span class='ocrx_word' id='word_1_59' title='bbox 1016 728 1054 768; x_wconf 86' lang='lat'>&amp;</span> <span class='ocrx_word' id='word_1_60' title='bbox 1084 739 1171 769; x_wconf 89' lang='lat' dir='ltr'>toto</span> <span class='ocrx_word' id='word_1_61' title='bbox 1193 730 1290 768; x_wconf 88' lang='lat' dir='ltr'>mihi</span> <span class='ocrx_word' id='word_1_62' title='bbox 1309 729 1459 770; x_wconf 90' lang='lat' dir='ltr'>lumine</span> <span class='ocrx_word' id='word_1_63' title='bbox 1477 729 1582 770; x_wconf 88' lang='lat' dir='ltr'>Eva-</span> 
     </span>
     <span class='ocr_line' id='line_1_9' title="bbox 211 787 1583 840; baseline 0.001 -13"><span class='ocrx_word' id='word_1_64' title='bbox 211 788 299 840; x_wconf 85' lang='lat' dir='ltr'>grio</span> <span class='ocrx_word' id='word_1_65' title='bbox 320 787 455 827; x_wconf 90' lang='lat' dir='ltr'>nostro</span> <span class='ocrx_word' id='word_1_66' title='bbox 477 787 600 837; x_wconf 89' lang='lat' dir='ltr'>fruor,</span> <span class='ocrx_word' id='word_1_67' title='bbox 620 788 684 827; x_wconf 93' lang='lat' dir='ltr'>cui</span> <span class='ocrx_word' id='word_1_68' title='bbox 706 801 781 840; x_wconf 80' lang='lat' dir='ltr'>ego</span> <span class='ocrx_word' id='word_1_69' title='bbox 801 787 954 840; x_wconf 89' lang='lat' dir='ltr'>semper</span> <span class='ocrx_word' id='word_1_70' title='bbox 975 787 1153 828; x_wconf 88' lang='lat' dir='ltr'>infirmus</span> <span class='ocrx_word' id='word_1_71' title='bbox 1174 788 1221 827; x_wconf 90' lang='lat' dir='ltr'>ad</span> <span class='ocrx_word' id='word_1_72' title='bbox 1245 788 1423 828; x_wconf 89' lang='lat' dir='ltr'>laborem</span> <span class='ocrx_word' id='word_1_73' title='bbox 1441 803 1583 828; x_wconf 87' lang='lat' dir='ltr'>cumu-</span> 
     </span>
     <span class='ocr_line' id='line_1_10' title="bbox 212 845 1583 900; baseline 0 -13"><span class='ocrx_word' id='word_1_74' title='bbox 212 847 273 887; x_wconf 89' lang='lat' dir='ltr'>lus</span> <span class='ocrx_word' id='word_1_75' title='bbox 293 846 442 886; x_wconf 84' lang='lat' dir='ltr'>accessi.</span> <span class='ocrx_word' id='word_1_76' title='bbox 464 845 564 886; x_wconf 89' lang='lat' dir='ltr'>Erat</span> <span class='ocrx_word' id='word_1_77' title='bbox 583 846 791 886; x_wconf 91' lang='lat' dir='ltr'>nobiscum</span> <span class='ocrx_word' id='word_1_78' title='bbox 822 845 860 886; x_wconf 87' lang='lat'>&amp;</span> <span class='ocrx_word' id='word_1_79' title='bbox 894 845 1034 900; x_wconf 87' lang='lat' dir='ltr'>Hylas,</span> <span class='ocrx_word' id='word_1_80' title='bbox 1062 846 1204 886; x_wconf 67' lang='lat' dir='ltr'>sant-Ctae</span> <span class='ocrx_word' id='word_1_81' title='bbox 1233 846 1428 888; x_wconf 86' lang='lat' dir='ltr'>Melaniae</span> <span class='ocrx_word' id='word_1_82' title='bbox 1455 849 1583 887; x_wconf 90' lang='lat' dir='ltr'>famu-</span> 
     </span>
     <span class='ocr_line' id='line_1_11' title="bbox 212 905 350 946; baseline 0.007 -2"><span class='ocrx_word' id='word_1_83' title='bbox 212 905 310 946; x_wconf 89' lang='lat' dir='ltr'>lus...</span> <span class='ocrx_word' id='word_1_84' title='bbox 335 921 350 940; x_wconf 80' lang='lat'>›&gt;</span> 
     </span>
    </p>

    <p class='ocr_par' dir='ltr' id='par_1_3' title="bbox 306 976 1584 1022">
     <span class='ocr_line' id='line_1_12' title="bbox 306 976 1584 1022; baseline 0.003 -13"><span class='ocrx_word' id='word_1_85' title='bbox 306 979 349 1020; x_wconf 87' lang='lat' dir='ltr'>[S.</span> <span class='ocrx_word' id='word_1_86' title='bbox 369 976 609 1022; x_wconf 79' lang='lat' dir='ltr'>HieronymuS,</span> <span class='ocrx_word' id='word_1_87' title='bbox 627 977 763 1022; x_wconf 75' lang='lat' dir='ltr'>Epistola</span> <span class='ocrx_word' id='word_1_88' title='bbox 782 978 842 1018; x_wconf 87' lang='lat'>111,</span> <span class='ocrx_word' id='word_1_89' title='bbox 861 980 909 1010; x_wconf 81' lang='lat' dir='ltr'>ad</span> <span class='ocrx_word' id='word_1_90' title='bbox 926 980 1073 1022; x_wconf 83' lang='lat' dir='ltr'>Rufinum</span> <span class='ocrx_word' id='word_1_91' title='bbox 1093 978 1247 1022; x_wconf 86' lang='lat' dir='ltr'>(Migne,</span> <span class='ocrx_word' id='word_1_92' title='bbox 1268 980 1356 1012; x_wconf 79' lang='lat' dir='ltr'>Patr.</span> <span class='ocrx_word' id='word_1_93' title='bbox 1375 978 1445 1020; x_wconf 89' lang='lat' dir='ltr'>lat.,</span> <span class='ocrx_word' id='word_1_94' title='bbox 1471 980 1584 1020; x_wconf 91' lang='lat' dir='ltr'>XXII,</span> 
     </span>
    </p>
   </div>
   <div class='ocr_carea' id='block_1_3' title="bbox 212 1030 1583 1128">
    <p class='ocr_par' dir='ltr' id='par_1_4' title="bbox 212 1030 1583 1128">
     <span class='ocr_line' id='line_1_13' title="bbox 212 1030 1583 1076; baseline 0.001 -11"><span class='ocrx_word' id='word_1_95' title='bbox 212 1042 240 1065; x_wconf 93' lang='lat' dir='ltr'>c.</span> <span class='ocrx_word' id='word_1_96' title='bbox 265 1030 368 1074; x_wconf 88' lang='lat'>333);</span> <span class='ocrx_word' id='word_1_97' title='bbox 391 1030 433 1064; x_wconf 84' lang='lat' dir='ltr'>cf.</span> <span class='ocrx_word' id='word_1_98' title='bbox 453 1030 674 1072; x_wconf 87' lang='lat' dir='ltr'>Flodoardus,</span> <span class='ocrx_word' id='word_1_99' title='bbox 696 1032 746 1064; x_wconf 82' lang='lat' dir='ltr'>De</span> <span class='ocrx_word' id='word_1_100' title='bbox 767 1031 938 1076; x_wconf 80' lang='lat' dir='ltr'>triumphis</span> <span class='ocrx_word' id='word_1_101' title='bbox 968 1032 1087 1076; x_wconf 78' lang='lat' dir='ltr'>Christi</span> <span class='ocrx_word' id='word_1_102' title='bbox 1108 1032 1141 1065; x_wconf 90' lang='lat' dir='ltr'>in</span> <span class='ocrx_word' id='word_1_103' title='bbox 1166 1031 1247 1074; x_wconf 66' lang='lat' dir='ltr'>Pal„</span> <span class='ocrx_word' id='word_1_104' title='bbox 1273 1032 1292 1064; x_wconf 91' lang='grc' dir='ltr'>Ι.</span> <span class='ocrx_word' id='word_1_105' title='bbox 1318 1034 1360 1074; x_wconf 85' lang='grc' dir='ltr'>ΙΙ,</span> <span class='ocrx_word' id='word_1_106' title='bbox 1386 1043 1412 1065; x_wconf 77' lang='lat' dir='ltr'>e.</span> <span class='ocrx_word' id='word_1_107' title='bbox 1440 1045 1458 1072; x_wconf 96' lang='lat'><em>7</em></span> <span class='ocrx_word' id='word_1_108' title='bbox 1487 1032 1583 1075; x_wconf 86' lang='lat' dir='ltr'>(ibid.</span> 
     </span>
     <span class='ocr_line' id='line_1_14' title="bbox 214 1083 676 1128; baseline -0.006 -11"><span class='ocrx_word' id='word_1_109' title='bbox 214 1084 391 1125; x_wconf 88' lang='lat' dir='ltr'>CXXXV,</span> <span class='ocrx_word' id='word_1_110' title='bbox 409 1094 457 1116; x_wconf 89' lang='lat' dir='ltr'>cc.</span> <span class='ocrx_word' id='word_1_111' title='bbox 480 1083 676 1128; x_wconf 85' lang='lat'>517-519).]</span> 
     </span>
    </p>
   </div>
   <div class='ocr_carea' id='block_1_4' title="bbox 213 1155 1584 1503">
    <p class='ocr_par' dir='ltr' id='par_1_5' title="bbox 213 1155 1583 1373">
     <span class='ocr_line' id='line_1_15' title="bbox 268 1155 1582 1209; baseline 0.002 -15"><span class='ocrx_word' id='word_1_112' title='bbox 268 1173 283 1193; x_wconf 82' lang='lat'>«</span> <span class='ocrx_word' id='word_1_113' title='bbox 308 1156 381 1195; x_wconf 90' lang='lat' dir='ltr'>Tu</span> <span class='ocrx_word' id='word_1_114' title='bbox 404 1155 585 1209; x_wconf 71' lang='lat' dir='ltr'>[Niceas]</span> <span class='ocrx_word' id='word_1_115' title='bbox 609 1171 630 1196; x_wconf 90' lang='lat' dir='ltr'>a</span> <span class='ocrx_word' id='word_1_116' title='bbox 650 1156 767 1197; x_wconf 92' lang='lat' dir='ltr'>nobis</span> <span class='ocrx_word' id='word_1_117' title='bbox 790 1157 941 1207; x_wconf 89' lang='lat' dir='ltr'>abiens,</span> <span class='ocrx_word' id='word_1_118' title='bbox 962 1168 1166 1196; x_wconf 87' lang='lat' dir='ltr'>recentem</span> <span class='ocrx_word' id='word_1_119' title='bbox 1189 1157 1408 1196; x_wconf 85' lang='lat' dir='ltr'>amicitiam</span> <span class='ocrx_word' id='word_1_120' title='bbox 1440 1157 1582 1197; x_wconf 85' lang='lat' dir='ltr'>scindis</span> 
     </span>
     <span class='ocr_line' id='line_1_16' title="bbox 214 1214 1582 1269; baseline 0.001 -15"><span class='ocrx_word' id='word_1_121' title='bbox 214 1215 362 1269; x_wconf 89' lang='lat' dir='ltr'>potius,</span> <span class='ocrx_word' id='word_1_122' title='bbox 378 1229 498 1269; x_wconf 90' lang='lat' dir='ltr'>quam</span> <span class='ocrx_word' id='word_1_123' title='bbox 518 1214 665 1265; x_wconf 76' lang='lat' dir='ltr'>dissuis,</span> <span class='ocrx_word' id='word_1_124' title='bbox 682 1216 790 1269; x_wconf 91' lang='lat' dir='ltr'>quod</span> <span class='ocrx_word' id='word_1_125' title='bbox 810 1217 1030 1268; x_wconf 86' lang='lat' dir='ltr'>prudenter</span> <span class='ocrx_word' id='word_1_126' title='bbox 1047 1217 1151 1268; x_wconf 89' lang='lat' dir='ltr'>apud</span> <span class='ocrx_word' id='word_1_127' title='bbox 1171 1216 1415 1256; x_wconf 88' lang='lat' dir='ltr'>Ciceronem</span> <span class='ocrx_word' id='word_1_128' title='bbox 1434 1216 1582 1256; x_wconf 87' lang='lat' dir='ltr'>Laelius</span> 
     </span>
     <span class='ocr_line' id='line_1_17' title="bbox 213 1273 1583 1329; baseline 0 -15"><span class='ocrx_word' id='word_1_129' title='bbox 213 1285 332 1314; x_wconf 89' lang='lat' dir='ltr'>vetat.</span> <span class='ocrx_word' id='word_1_130' title='bbox 355 1273 440 1314; x_wconf 87' lang='lat' dir='ltr'>Nifi</span> <span class='ocrx_word' id='word_1_131' title='bbox 462 1274 562 1313; x_wconf 88' lang='lat' dir='ltr'>forte</span> <span class='ocrx_word' id='word_1_132' title='bbox 584 1274 639 1314; x_wconf 90' lang='lat' dir='ltr'>ita</span> <span class='ocrx_word' id='word_1_133' title='bbox 660 1274 730 1313; x_wconf 93' lang='lat' dir='ltr'>tibi</span> <span class='ocrx_word' id='word_1_134' title='bbox 752 1274 892 1315; x_wconf 74' lang='lat' dir='ltr'>exosus</span> <span class='ocrx_word' id='word_1_135' title='bbox 913 1274 968 1314; x_wconf 93' lang='lat' dir='ltr'>est</span> <span class='ocrx_word' id='word_1_136' title='bbox 990 1275 1156 1325; x_wconf 88' lang='lat' dir='ltr'>Oriens,</span> <span class='ocrx_word' id='word_1_137' title='bbox 1186 1286 1229 1314; x_wconf 93' lang='lat' dir='ltr'>ut</span> <span class='ocrx_word' id='word_1_138' title='bbox 1249 1275 1399 1315; x_wconf 89' lang='lat' dir='ltr'>litteras</span> <span class='ocrx_word' id='word_1_139' title='bbox 1421 1289 1583 1329; x_wconf 90' lang='lat' dir='ltr'>quoque</span> 
     </span>
     <span class='ocr_line' id='line_1_18' title="bbox 215 1332 822 1373; baseline 0 0"><span class='ocrx_word' id='word_1_140' title='bbox 215 1344 301 1373; x_wconf 93' lang='lat' dir='ltr'>tuas</span> <span class='ocrx_word' id='word_1_141' title='bbox 321 1333 401 1372; x_wconf 91' lang='lat' dir='ltr'>huc</span> <span class='ocrx_word' id='word_1_142' title='bbox 422 1333 556 1372; x_wconf 87' lang='lat' dir='ltr'>venire</span> <span class='ocrx_word' id='word_1_143' title='bbox 578 1332 780 1373; x_wconf 86' lang='lat' dir='ltr'>formides.</span> <span class='ocrx_word' id='word_1_144' title='bbox 807 1350 822 1369; x_wconf 89' lang='lat'>›&gt;</span> 
     </span>
    </p>

    <p class='ocr_par' dir='ltr' id='par_1_6' title="bbox 214 1392 1584 1503">
     <span class='ocr_line' id='line_1_19' title="bbox 308 1392 1584 1450; baseline 0.001 -13"><span class='ocrx_word' id='word_1_145' title='bbox 308 1406 352 1447; x_wconf 90' lang='lat' dir='ltr'>[S.</span> <span class='ocrx_word' id='word_1_146' title='bbox 374 1404 615 1450; x_wconf 61' lang='lat' dir='ltr'>Hieronymus,</span> <span class='ocrx_word' id='word_1_147' title='bbox 637 1404 770 1449; x_wconf 78' lang='lat' dir='ltr'>Eptstola</span> <span class='ocrx_word' id='word_1_148' title='bbox 783 1406 872 1445; x_wconf 91' lang='lat' dir='ltr'>Vlll,</span> <span class='ocrx_word' id='word_1_149' title='bbox 890 1407 938 1438; x_wconf 86' lang='lat' dir='ltr'>ad</span> <span class='ocrx_word' id='word_1_150' title='bbox 954 1404 1090 1438; x_wconf 84' lang='lat' dir='ltr'>Niceam</span> <span class='ocrx_word' id='word_1_151' title='bbox 1106 1392 1256 1450; x_wconf 75' lang='lat' dir='ltr'>(Migne,</span> <span class='ocrx_word' id='word_1_152' title='bbox 1277 1407 1366 1438; x_wconf 82' lang='lat' dir='ltr'>Patr.</span> <span class='ocrx_word' id='word_1_153' title='bbox 1385 1405 1456 1446; x_wconf 84' lang='lat' dir='ltr'>lat.,</span> <span class='ocrx_word' id='word_1_154' title='bbox 1473 1406 1584 1447; x_wconf 91' lang='lat' dir='ltr'>XXII,</span> 
     </span>
     <span class='ocr_line' id='line_1_20' title="bbox 214 1458 378 1503; baseline 0.006 -13"><span class='ocrx_word' id='word_1_155' title='bbox 214 1468 243 1490; x_wconf 93' lang='lat' dir='ltr'>c.</span> <span class='ocrx_word' id='word_1_156' title='bbox 268 1458 378 1503; x_wconf 86' lang='lat'><strong>342).]</strong></span> 
     </span>
    </p>
   </div>
   <div class='ocr_carea' id='block_1_5' title="bbox 212 1537 1584 1709">
    <p class='ocr_par' dir='ltr' id='par_1_7' title="bbox 212 1537 1584 1709">
     <span class='ocr_line' id='line_1_21' title="bbox 271 1537 1584 1591; baseline 0.001 -14"><span class='ocrx_word' id='word_1_157' title='bbox 271 1554 285 1573; x_wconf 82' lang='lat'>«</span> <span class='ocrx_word' id='word_1_158' title='bbox 312 1537 564 1578; x_wconf 90' lang='lat' dir='ltr'>Heliodorus</span> <span class='ocrx_word' id='word_1_159' title='bbox 586 1538 703 1577; x_wconf 88' lang='lat' dir='ltr'>frater</span> <span class='ocrx_word' id='word_1_160' title='bbox 724 1537 821 1577; x_wconf 90' lang='lat' dir='ltr'>mihi</span> <span class='ocrx_word' id='word_1_161' title='bbox 844 1537 1049 1587; x_wconf 90' lang='lat' dir='ltr'>indicavit,</span> <span class='ocrx_word' id='word_1_162' title='bbox 1084 1548 1122 1577; x_wconf 90' lang='lat' dir='ltr'>te</span> <span class='ocrx_word' id='word_1_163' title='bbox 1143 1537 1271 1577; x_wconf 87' lang='lat' dir='ltr'>multa</span> <span class='ocrx_word' id='word_1_164' title='bbox 1297 1538 1348 1577; x_wconf 93' lang='lat' dir='ltr'>de</span> <span class='ocrx_word' id='word_1_165' title='bbox 1369 1538 1584 1591; x_wconf 89' lang='lat' dir='ltr'>Scripturis</span> 
     </span>
     <span class='ocr_line' id='line_1_22' title="bbox 213 1594 1584 1651; baseline 0 -15"><span class='ocrx_word' id='word_1_166' title='bbox 213 1609 391 1651; x_wconf 87' lang='lat' dir='ltr'>quaerere</span> <span class='ocrx_word' id='word_1_167' title='bbox 411 1610 487 1636; x_wconf 92' lang='lat' dir='ltr'>nec</span> <span class='ocrx_word' id='word_1_168' title='bbox 515 1597 708 1647; x_wconf 89' lang='lat' dir='ltr'>invenire,</span> <span class='ocrx_word' id='word_1_169' title='bbox 736 1607 803 1636; x_wconf 90' lang='lat' dir='ltr'>aut</span> <span class='ocrx_word' id='word_1_170' title='bbox 834 1594 860 1635; x_wconf 86' lang='lat' dir='ltr'>fi</span> <span class='ocrx_word' id='word_1_171' title='bbox 894 1596 1032 1636; x_wconf 90' lang='lat' dir='ltr'>omnia</span> <span class='ocrx_word' id='word_1_172' title='bbox 1064 1596 1200 1647; x_wconf 86' lang='lat' dir='ltr'>habes,</span> <span class='ocrx_word' id='word_1_173' title='bbox 1229 1597 1370 1649; x_wconf 89' lang='lat' dir='ltr'>incipit</span> <span class='ocrx_word' id='word_1_174' title='bbox 1399 1594 1468 1636; x_wconf 87' lang='lat' dir='ltr'>fibi</span> <span class='ocrx_word' id='word_1_175' title='bbox 1496 1595 1584 1649; x_wconf 90' lang='lat' dir='ltr'>plus</span> 
     </span>
     <span class='ocr_line' id='line_1_23' title="bbox 212 1655 908 1709; baseline -0.003 -14"><span class='ocrx_word' id='word_1_176' title='bbox 212 1656 358 1696; x_wconf 88' lang='lat' dir='ltr'>caritas</span> <span class='ocrx_word' id='word_1_177' title='bbox 378 1655 584 1695; x_wconf 91' lang='lat' dir='ltr'>vindicare</span> <span class='ocrx_word' id='word_1_178' title='bbox 607 1655 697 1708; x_wconf 91' lang='lat' dir='ltr'>plus</span> <span class='ocrx_word' id='word_1_179' title='bbox 718 1665 868 1709; x_wconf 85' lang='lat' dir='ltr'>petere.</span> <span class='ocrx_word' id='word_1_180' title='bbox 892 1669 908 1693; x_wconf 82' lang='grc'>&gt;&gt;</span> 
     </span>
    </p>
   </div>
   <div class='ocr_carea' id='block_1_6' title="bbox 214 1738 1583 1836">
    <p class='ocr_par' dir='ltr' id='par_1_8' title="bbox 214 1738 1583 1836">
     <span class='ocr_line' id='line_1_24' title="bbox 308 1738 1583 1784; baseline -0.001 -11"><span class='ocrx_word' id='word_1_181' title='bbox 308 1738 353 1784; x_wconf 83' lang='grc'>[8.</span> <span class='ocrx_word' id='word_1_182' title='bbox 370 1739 612 1784; x_wconf 87' lang='lat' dir='ltr'>Hieronymus,</span> <span class='ocrx_word' id='word_1_183' title='bbox 625 1738 760 1784; x_wconf 76' lang='lat' dir='ltr'>Eptstola</span> <span class='ocrx_word' id='word_1_184' title='bbox 775 1740 816 1779; x_wconf 95' lang='lat' dir='ltr'>V,</span> <span class='ocrx_word' id='word_1_185' title='bbox 831 1740 880 1771; x_wconf 87' lang='lat' dir='ltr'>ad</span> <span class='ocrx_word' id='word_1_186' title='bbox 892 1738 1083 1772; x_wconf 83' lang='lat' dir='ltr'>Florentium</span> <span class='ocrx_word' id='word_1_187' title='bbox 1100 1738 1256 1783; x_wconf 86' lang='lat' dir='ltr'>(Migne,</span> <span class='ocrx_word' id='word_1_188' title='bbox 1270 1740 1363 1772; x_wconf 78' lang='lat' dir='ltr'>Patr:</span> <span class='ocrx_word' id='word_1_189' title='bbox 1381 1738 1451 1780; x_wconf 83' lang='lat' dir='ltr'>lat.,</span> <span class='ocrx_word' id='word_1_190' title='bbox 1468 1740 1583 1780; x_wconf 89' lang='lat' dir='ltr'>XXII,</span> 
     </span>
     <span class='ocr_line' id='line_1_25' title="bbox 214 1794 374 1836; baseline 0 0"><span class='ocrx_word' id='word_1_191' title='bbox 214 1805 244 1827; x_wconf 88' lang='lat' dir='ltr'>c·</span> <span class='ocrx_word' id='word_1_192' title='bbox 264 1794 374 1836; x_wconf 84' lang='lat'>337)·]</span> 
     </span>
    </p>
   </div>
   <div class='ocr_carea' id='block_1_7' title="bbox 215 1871 1586 2162">
    <p class='ocr_par' dir='ltr' id='par_1_9' title="bbox 215 1871 1586 2162">
     <span class='ocr_line' id='line_1_26' title="bbox 270 1871 1583 1928; baseline 0.002 -19"><span class='ocrx_word' id='word_1_193' title='bbox 270 1891 285 1910; x_wconf 88' lang='lat'>&lt;‹</span> <span class='ocrx_word' id='word_1_194' title='bbox 304 1871 480 1928; x_wconf 70' lang='lat' dir='ltr'>Quanto</span> <span class='ocrx_word' id='word_1_195' title='bbox 495 1886 633 1911; x_wconf 88' lang='lat' dir='ltr'>amore</span> <span class='ocrx_word' id='word_1_196' title='bbox 649 1871 686 1911; x_wconf 88' lang='lat'>&amp;</span> <span class='ocrx_word' id='word_1_197' title='bbox 703 1871 832 1911; x_wconf 90' lang='lat' dir='ltr'>studio</span> <span class='ocrx_word' id='word_1_198' title='bbox 849 1872 1143 1922; x_wconf 80' lang='lat' dir='ltr'>contenderim,</span> <span class='ocrx_word' id='word_1_199' title='bbox 1164 1882 1207 1911; x_wconf 91' lang='lat' dir='ltr'>ut</span> <span class='ocrx_word' id='word_1_200' title='bbox 1224 1872 1372 1924; x_wconf 84' lang='lat' dir='ltr'>pariter</span> <span class='ocrx_word' id='word_1_201' title='bbox 1389 1872 1427 1911; x_wconf 92' lang='lat' dir='ltr'>in</span> <span class='ocrx_word' id='word_1_202' title='bbox 1446 1887 1583 1912; x_wconf 88' lang='lat' dir='ltr'>eremo</span> 
     </span>
     <span class='ocr_line' id='line_1_27' title="bbox 215 1929 1586 1986; baseline -0.002 -15"><span class='ocrx_word' id='word_1_203' title='bbox 215 1944 479 1981; x_wconf 87' lang='lat' dir='ltr'>moraremur,</span> <span class='ocrx_word' id='word_1_204' title='bbox 500 1930 705 1970; x_wconf 91' lang='lat' dir='ltr'>conscium</span> <span class='ocrx_word' id='word_1_205' title='bbox 729 1941 881 1970; x_wconf 87' lang='lat' dir='ltr'>mutuae</span> <span class='ocrx_word' id='word_1_206' title='bbox 901 1931 1076 1971; x_wconf 88' lang='lat' dir='ltr'>caritatis</span> <span class='ocrx_word' id='word_1_207' title='bbox 1099 1930 1238 1984; x_wconf 64' lang='lat' dir='ltr'>pectus</span> <span class='ocrx_word' id='word_1_208' title='bbox 1260 1930 1449 1984; x_wconf 81' lang='lat' dir='ltr'>agnoscit.</span> <span class='ocrx_word' id='word_1_209' title='bbox 1477 1929 1586 1986; x_wconf 69' lang='lat' dir='ltr'>Qui-</span> 
     </span>
     <span class='ocr_line' id='line_1_28' title="bbox 215 1987 1586 2042; baseline -0.001 -13"><span class='ocrx_word' id='word_1_210' title='bbox 215 1990 288 2031; x_wconf 90' lang='lat' dir='ltr'>bus</span> <span class='ocrx_word' id='word_1_211' title='bbox 306 1990 505 2040; x_wconf 91' lang='lat' dir='ltr'>lamentis,</span> <span class='ocrx_word' id='word_1_212' title='bbox 528 2003 609 2042; x_wconf 91' lang='lat' dir='ltr'>quo</span> <span class='ocrx_word' id='word_1_213' title='bbox 627 1987 780 2038; x_wconf 88' lang='lat' dir='ltr'>dolore,</span> <span class='ocrx_word' id='word_1_214' title='bbox 805 2003 886 2041; x_wconf 86' lang='lat' dir='ltr'>quo</span> <span class='ocrx_word' id='word_1_215' title='bbox 903 1989 1070 2042; x_wconf 82' lang='lat' dir='ltr'>gemitu,</span> <span class='ocrx_word' id='word_1_216' title='bbox 1086 1999 1124 2028; x_wconf 91' lang='lat' dir='ltr'>te</span> <span class='ocrx_word' id='word_1_217' title='bbox 1141 1988 1414 2028; x_wconf 85' lang='lat' dir='ltr'>Heliodorum</span> <span class='ocrx_word' id='word_1_218' title='bbox 1436 1988 1586 2027; x_wconf 89' lang='lat' dir='ltr'>abeun-</span> 
     </span>
     <span class='ocr_line' id='line_1_29' title="bbox 215 2045 1585 2102; baseline -0.001 -13"><span class='ocrx_word' id='word_1_219' title='bbox 215 2060 296 2089; x_wconf 88' lang='lat' dir='ltr'>tem</span> <span class='ocrx_word' id='word_1_220' title='bbox 331 2048 566 2102; x_wconf 90' lang='lat' dir='ltr'>prosecutus</span> <span class='ocrx_word' id='word_1_221' title='bbox 602 2045 685 2097; x_wconf 86' lang='lat' dir='ltr'>slm,</span> <span class='ocrx_word' id='word_1_222' title='bbox 719 2046 799 2087; x_wconf 88' lang='lat' dir='ltr'>istae</span> <span class='ocrx_word' id='word_1_223' title='bbox 829 2062 994 2101; x_wconf 88' lang='lat' dir='ltr'>quoque</span> <span class='ocrx_word' id='word_1_224' title='bbox 1030 2047 1170 2087; x_wconf 87' lang='lat' dir='ltr'>litterae</span> <span class='ocrx_word' id='word_1_225' title='bbox 1205 2047 1319 2087; x_wconf 91' lang='lat' dir='ltr'>testes</span> <span class='ocrx_word' id='word_1_226' title='bbox 1354 2047 1454 2101; x_wconf 86' lang='lat' dir='ltr'>sunt,</span> <span class='ocrx_word' id='word_1_227' title='bbox 1488 2061 1585 2100; x_wconf 86' lang='lat' dir='ltr'>quas</span> 
     </span>
     <span class='ocr_line' id='line_1_30' title="bbox 216 2105 824 2162; baseline -0.005 -14"><span class='ocrx_word' id='word_1_228' title='bbox 216 2107 405 2162; x_wconf 89' lang='lat' dir='ltr'>lacrymis</span> <span class='ocrx_word' id='word_1_229' title='bbox 427 2107 556 2147; x_wconf 89' lang='lat' dir='ltr'>cernis</span> <span class='ocrx_word' id='word_1_230' title='bbox 577 2105 783 2146; x_wconf 87' lang='lat' dir='ltr'>interlitas.</span> <span class='ocrx_word' id='word_1_231' title='bbox 810 2123 824 2141; x_wconf 84' lang='lat'>»</span> 
     </span>
    </p>
   </div>
   <div class='ocr_carea' id='block_1_8' title="bbox 214 2177 1584 2276">
    <p class='ocr_par' dir='ltr' id='par_1_10' title="bbox 214 2177 1584 2276">
     <span class='ocr_line' id='line_1_31' title="bbox 309 2177 1584 2225; baseline -0.002 -11"><span class='ocrx_word' id='word_1_232' title='bbox 309 2183 353 2224; x_wconf 92' lang='lat' dir='ltr'>[S.</span> <span class='ocrx_word' id='word_1_233' title='bbox 379 2180 618 2225; x_wconf 78' lang='lat' dir='ltr'>Hieronymu5‚</span> <span class='ocrx_word' id='word_1_234' title='bbox 647 2178 781 2222; x_wconf 82' lang='lat' dir='ltr'>Epistola</span> <span class='ocrx_word' id='word_1_235' title='bbox 804 2179 893 2220; x_wconf 92' lang='lat' dir='ltr'>XIV,</span> <span class='ocrx_word' id='word_1_236' title='bbox 920 2180 968 2212; x_wconf 84' lang='lat' dir='ltr'>ad</span> <span class='ocrx_word' id='word_1_237' title='bbox 989 2178 1196 2212; x_wconf 84' lang='lat' dir='ltr'>Heliodorum</span> <span class='ocrx_word' id='word_1_238' title='bbox 1227 2177 1382 2222; x_wconf 86' lang='lat' dir='ltr'>(Migne,</span> <span class='ocrx_word' id='word_1_239' title='bbox 1409 2179 1497 2211; x_wconf 82' lang='lat' dir='ltr'>Patr.</span> <span class='ocrx_word' id='word_1_240' title='bbox 1517 2178 1584 2219; x_wconf 82' lang='lat' dir='ltr'>lat.,</span> 
     </span>
     <span class='ocr_line' id='line_1_32' title="bbox 214 2231 1364 2276; baseline -0.004 -7"><span class='ocrx_word' id='word_1_241' title='bbox 214 2235 327 2276; x_wconf 85' lang='lat' dir='ltr'>XXII,</span> <span class='ocrx_word' id='word_1_242' title='bbox 347 2245 376 2267; x_wconf 88' lang='lat' dir='ltr'>c.</span> <span class='ocrx_word' id='word_1_243' title='bbox 402 2234 497 2276; x_wconf 79' lang='lat'>347);</span> <span class='ocrx_word' id='word_1_244' title='bbox 515 2232 560 2265; x_wconf 87' lang='lat' dir='ltr'>cf.</span> <span class='ocrx_word' id='word_1_245' title='bbox 580 2231 715 2276; x_wconf 55' lang='lat' dir='ltr'>Epistola</span> <span class='ocrx_word' id='word_1_246' title='bbox 731 2233 788 2273; x_wconf 93' lang='lat' dir='ltr'>IV,</span> <span class='ocrx_word' id='word_1_247' title='bbox 806 2233 854 2264; x_wconf 87' lang='lat' dir='ltr'>ad</span> <span class='ocrx_word' id='word_1_248' title='bbox 870 2231 1061 2266; x_wconf 80' lang='lat' dir='ltr'>Florentium</span> <span class='ocrx_word' id='word_1_249' title='bbox 1080 2231 1185 2273; x_wconf 86' lang='lat' dir='ltr'>(ibid.,</span> <span class='ocrx_word' id='word_1_250' title='bbox 1203 2243 1229 2264; x_wconf 85' lang='lat' dir='ltr'>c.</span> <span class='ocrx_word' id='word_1_251' title='bbox 1253 2232 1364 2275; x_wconf 85' lang='lat'>335).]</span> 
     </span>
    </p>
   </div>
   <div class='ocr_carea' id='block_1_9' title="bbox 215 2304 1587 2768">
    <p class='ocr_par' dir='ltr' id='par_1_11' title="bbox 215 2304 1587 2480">
     <span class='ocr_line' id='line_1_33' title="bbox 271 2304 1587 2361; baseline -0.002 -15"><span class='ocrx_word' id='word_1_252' title='bbox 271 2326 286 2345; x_wconf 75' lang='grc'>«</span> <span class='ocrx_word' id='word_1_253' title='bbox 313 2308 356 2350; x_wconf 92' lang='lat' dir='ltr'>O</span> <span class='ocrx_word' id='word_1_254' title='bbox 379 2308 539 2361; x_wconf 90' lang='lat' dir='ltr'>quoties</span> <span class='ocrx_word' id='word_1_255' title='bbox 561 2320 636 2359; x_wconf 86' lang='lat' dir='ltr'>ego</span> <span class='ocrx_word' id='word_1_256' title='bbox 666 2305 744 2358; x_wconf 88' lang='lat' dir='ltr'>ipse</span> <span class='ocrx_word' id='word_1_257' title='bbox 766 2306 804 2344; x_wconf 91' lang='lat' dir='ltr'>in</span> <span class='ocrx_word' id='word_1_258' title='bbox 827 2320 965 2345; x_wconf 89' lang='lat' dir='ltr'>eremo</span> <span class='ocrx_word' id='word_1_259' title='bbox 987 2304 1240 2355; x_wconf 86' lang='lat' dir='ltr'>constitutus,</span> <span class='ocrx_word' id='word_1_260' title='bbox 1273 2304 1312 2344; x_wconf 87' lang='lat'>&amp;</span> <span class='ocrx_word' id='word_1_261' title='bbox 1333 2305 1371 2344; x_wconf 93' lang='lat' dir='ltr'>in</span> <span class='ocrx_word' id='word_1_262' title='bbox 1393 2304 1460 2344; x_wconf 87' lang='lat' dir='ltr'>illa</span> <span class='ocrx_word' id='word_1_263' title='bbox 1480 2306 1587 2345; x_wconf 85' lang='lat' dir='ltr'>vasta</span> 
     </span>
     <span class='ocr_line' id='line_1_34' title="bbox 215 2363 1584 2419; baseline -0.002 -12"><span class='ocrx_word' id='word_1_264' title='bbox 215 2366 442 2416; x_wconf 90' lang='lat' dir='ltr'>solitudine,</span> <span class='ocrx_word' id='word_1_265' title='bbox 475 2380 565 2419; x_wconf 88' lang='lat' dir='ltr'>quae</span> <span class='ocrx_word' id='word_1_266' title='bbox 595 2363 732 2404; x_wconf 83' lang='lat' dir='ltr'>exusta</span> <span class='ocrx_word' id='word_1_267' title='bbox 757 2363 849 2404; x_wconf 90' lang='lat' dir='ltr'>solis</span> <span class='ocrx_word' id='word_1_268' title='bbox 877 2364 1101 2414; x_wconf 89' lang='lat' dir='ltr'>ardoribus,</span> <span class='ocrx_word' id='word_1_269' title='bbox 1129 2363 1339 2403; x_wconf 89' lang='lat' dir='ltr'>horridum</span> <span class='ocrx_word' id='word_1_270' title='bbox 1375 2365 1584 2404; x_wconf 89' lang='lat' dir='ltr'>monachis</span> 
     </span>
     <span class='ocr_line' id='line_1_35' title="bbox 217 2419 1585 2480; baseline -0.002 -14"><span class='ocrx_word' id='word_1_271' title='bbox 217 2426 373 2480; x_wconf 88' lang='lat' dir='ltr'>praestat</span> <span class='ocrx_word' id='word_1_272' title='bbox 387 2422 677 2473; x_wconf 88' lang='lat' dir='ltr'>habitaculum,</span> <span class='ocrx_word' id='word_1_273' title='bbox 690 2423 878 2475; x_wconf 89' lang='lat' dir='ltr'>putabam</span> <span class='ocrx_word' id='word_1_274' title='bbox 896 2437 961 2462; x_wconf 90' lang='lat' dir='ltr'>me</span> <span class='ocrx_word' id='word_1_275' title='bbox 971 2422 1169 2462; x_wconf 90' lang='lat' dir='ltr'>Romanis</span> <span class='ocrx_word' id='word_1_276' title='bbox 1182 2419 1362 2461; x_wconf 80' lang='lat' dir='ltr'>interesse</span> <span class='ocrx_word' id='word_1_277' title='bbox 1379 2422 1585 2463; x_wconf 88' lang='lat' dir='ltr'>deliciis....</span> 
     </span>
    </p>

    <p class='ocr_par' dir='ltr' id='par_1_12' title="bbox 217 2480 1585 2768">
     <span class='ocr_line' id='line_1_36' title="bbox 270 2480 1584 2535; baseline -0.002 -10"><span class='ocrx_word' id='word_1_278' title='bbox 270 2485 379 2525; x_wconf 90' lang='lat' dir='ltr'>Cum</span> <span class='ocrx_word' id='word_1_279' title='bbox 396 2493 486 2522; x_wconf 89' lang='lat' dir='ltr'>ante</span> <span class='ocrx_word' id='word_1_280' title='bbox 503 2496 630 2522; x_wconf 90' lang='lat' dir='ltr'>annos</span> <span class='ocrx_word' id='word_1_281' title='bbox 648 2480 844 2534; x_wconf 89' lang='lat' dir='ltr'>plurimos</span> <span class='ocrx_word' id='word_1_282' title='bbox 862 2482 1000 2532; x_wconf 88' lang='lat' dir='ltr'>domo,</span> <span class='ocrx_word' id='word_1_283' title='bbox 1015 2481 1260 2534; x_wconf 86' lang='lat' dir='ltr'>parentibus,</span> <span class='ocrx_word' id='word_1_284' title='bbox 1277 2480 1420 2532; x_wconf 91' lang='lat' dir='ltr'>sorore,</span> <span class='ocrx_word' id='word_1_285' title='bbox 1436 2496 1584 2535; x_wconf 86' lang='lat' dir='ltr'>cogna-</span> 
     </span>
     <span class='ocr_line' id='line_1_37' title="bbox 217 2539 1585 2595; baseline -0.002 -11"><span class='ocrx_word' id='word_1_286' title='bbox 217 2545 279 2594; x_wconf 91' lang='lat' dir='ltr'>tis,</span> <span class='ocrx_word' id='word_1_287' title='bbox 313 2543 351 2583; x_wconf 88' lang='lat'>&amp;</span> <span class='ocrx_word' id='word_1_288' title='bbox 384 2541 495 2595; x_wconf 90' lang='lat' dir='ltr'>quod</span> <span class='ocrx_word' id='word_1_289' title='bbox 527 2541 589 2581; x_wconf 90' lang='lat' dir='ltr'>his</span> <span class='ocrx_word' id='word_1_290' title='bbox 627 2539 831 2581; x_wconf 89' lang='lat' dir='ltr'>difficilius</span> <span class='ocrx_word' id='word_1_291' title='bbox 860 2541 928 2590; x_wconf 92' lang='lat' dir='ltr'>est,</span> <span class='ocrx_word' id='word_1_292' title='bbox 962 2539 1252 2580; x_wconf 89' lang='lat' dir='ltr'>consuetudine</span> <span class='ocrx_word' id='word_1_293' title='bbox 1280 2540 1463 2581; x_wconf 85' lang='lat' dir='ltr'>lautioris</span> <span class='ocrx_word' id='word_1_294' title='bbox 1492 2542 1585 2591; x_wconf 90' lang='lat' dir='ltr'>cibi,</span> 
     </span>
     <span class='ocr_line' id='line_1_38' title="bbox 218 2597 1585 2655; baseline -0.001 -14"><span class='ocrx_word' id='word_1_295' title='bbox 218 2611 384 2655; x_wconf 85' lang='lat' dir='ltr'>propter</span> <span class='ocrx_word' id='word_1_296' title='bbox 414 2600 615 2641; x_wconf 81' lang='lat' dir='ltr'>coelorum</span> <span class='ocrx_word' id='word_1_297' title='bbox 636 2613 700 2638; x_wconf 92' lang='lat' dir='ltr'>me</span> <span class='ocrx_word' id='word_1_298' title='bbox 723 2613 844 2652; x_wconf 84' lang='lat' dir='ltr'>regna</span> <span class='ocrx_word' id='word_1_299' title='bbox 863 2597 1099 2648; x_wconf 88' lang='lat' dir='ltr'>castraffem,</span> <span class='ocrx_word' id='word_1_300' title='bbox 1133 2598 1171 2638; x_wconf 67' lang='grc' dir='ltr'>δε</span> <span class='ocrx_word' id='word_1_301' title='bbox 1202 2597 1459 2653; x_wconf 80' lang='lat' dir='ltr'>lerosolymam</span> <span class='ocrx_word' id='word_1_302' title='bbox 1480 2600 1585 2639; x_wconf 90' lang='lat' dir='ltr'>mili-</span> 
     </span>
     <span class='ocr_line' id='line_1_39' title="bbox 218 2656 1584 2712; baseline -0.002 -11"><span class='ocrx_word' id='word_1_303' title='bbox 218 2671 372 2701; x_wconf 89' lang='lat' dir='ltr'>taturus</span> <span class='ocrx_word' id='word_1_304' title='bbox 402 2672 624 2712; x_wconf 83' lang='lat' dir='ltr'>pergerem,</span> <span class='ocrx_word' id='word_1_305' title='bbox 654 2656 923 2708; x_wconf 90' lang='lat' dir='ltr'>Bibliotheca,</span> <span class='ocrx_word' id='word_1_306' title='bbox 959 2671 1080 2711; x_wconf 89' lang='lat' dir='ltr'>quam</span> <span class='ocrx_word' id='word_1_307' title='bbox 1120 2656 1216 2695; x_wconf 87' lang='lat' dir='ltr'>mihi</span> <span class='ocrx_word' id='word_1_308' title='bbox 1253 2656 1399 2697; x_wconf 87' lang='lat' dir='ltr'>Romae</span> <span class='ocrx_word' id='word_1_309' title='bbox 1431 2658 1584 2698; x_wconf 91' lang='lat' dir='ltr'>summo</span> 
     </span>
     <span class='ocr_line' id='line_1_40' title="bbox 218 2715 1581 2768; baseline -0.002 -10"><span class='ocrx_word' id='word_1_310' title='bbox 218 2718 348 2758; x_wconf 90' lang='lat' dir='ltr'>studio</span> <span class='ocrx_word' id='word_1_311' title='bbox 369 2731 415 2757; x_wconf 90' lang='lat' dir='ltr'>ac</span> <span class='ocrx_word' id='word_1_312' title='bbox 436 2715 573 2756; x_wconf 90' lang='lat' dir='ltr'>labore</span> <span class='ocrx_word' id='word_1_313' title='bbox 594 2716 863 2766; x_wconf 90' lang='lat' dir='ltr'>confeceram,</span> <span class='ocrx_word' id='word_1_314' title='bbox 896 2730 1033 2756; x_wconf 89' lang='lat' dir='ltr'>carere</span> <span class='ocrx_word' id='word_1_315' title='bbox 1054 2715 1222 2755; x_wconf 90' lang='lat' dir='ltr'>omnino</span> <span class='ocrx_word' id='word_1_316' title='bbox 1243 2729 1326 2754; x_wconf 89' lang='lat' dir='ltr'>non</span> <span class='ocrx_word' id='word_1_317' title='bbox 1349 2726 1539 2768; x_wconf 88' lang='lat' dir='ltr'>poteram.</span> <span class='ocrx_word' id='word_1_318' title='bbox 1566 2732 1581 2751; x_wconf 88' lang='lat'>›&gt;</span> 
     </span>
    </p>
   </div>
   <div class='ocr_carea' id='block_1_10' title="bbox 408 2789 1440 2830">
    <p class='ocr_par' dir='ltr' id='par_1_13' title="bbox 408 2789 1440 2830">
     <span class='ocr_line' id='line_1_41' title="bbox 408 2789 1440 2830; baseline 0 0"><span class='ocrx_word' id='word_1_319' title='bbox 408 2789 434 2822; x_wconf 96' lang='lat' dir='ltr'>P</span> <span class='ocrx_word' id='word_1_320' title='bbox 1423 2799 1440 2830; x_wconf 89' lang='lat'>9</span> 
     </span>
    </p>
   </div>
  </div>
 </body>
</html>
