2131 3552
837 266 887 324 (s.
912 268 992 329 Vl)
1492 268 1573 317 261

212 423 447 477 hospicium.
472 422 614 479 Quem
635 438 727 464 cum
750 423 916 464 audisset
935 425 982 464 ad
993 425 1174 482 sanHam
1194 426 1383 466 civitatem
1405 427 1581 477 tendere,

211 482 353 523 humili
387 497 505 536 prece
536 483 690 536 rogavit
723 494 765 522 ut
786 481 944 524 afferret
972 485 1006 523 ei
1029 485 1228 542 desana‘ia
1261 487 1351 526 urhe
1379 487 1580 539 quandam

210 556 397 596 yconam,
426 542 463 581 id
496 542 550 581 est
580 541 782 594 quandam
811 542 986 582 tabulam
1010 543 1158 596 pictam
1191 559 1310 597 quam
1336 546 1374 584 in
1403 545 1580 584 oratorio

211 601 278 640 suo
302 611 482 654 poneret,
498 614 587 653 quae
608 601 837 654 ymaginem
854 600 934 640 Dei
954 601 1180 643 Genitricis
1203 602 1348 642 Mariae
1369 603 1435 642 fibi
1452 604 1579 642 oranti

210 658 529 712 repraesentaret3
551 658 588 698 &
620 658 798 711 promisit
828 659 863 698 se
897 661 1120 700 monachus
1151 660 1378 700 delaturum
1407 675 1580 714 yconam

211 717 515 757 fanestimoniali.
555 716 644 771 Qui
666 731 758 756 cum
789 716 953 757 veniffet
980 718 1273 775 llqufhfflnmm,
1299 719 1468 772 expletis
1492 734 1580 759 ora—

210 777 386 817 tionibus
405 776 441 815 &
464 775 577 816 sacris
601 775 700 815 locis
722 774 900 827 visitatis,
922 776 974 816 sui
1000 777 1174 830 promissi
1202 778 1429 829 immemor,
1455 778 1580 819 redire

208 836 338 875 voluit
358 835 395 874 &
413 836 487 874 iter
508 835 758 887 aggrediens,
780 834 950 888 egreffus
969 835 1024 875 est
1046 837 1196 876 urbem.
1220 837 1273 877 Et
1289 853 1384 878 ecce
1401 853 1480 878 vox
1501 852 1579 877 cae-

207 895 300 935 litus
321 893 455 934 emissa
471 894 573 933 dixit
589 894 635 933 ad
659 908 776 933 eum:
802 911 817 930 «
837 894 1067 948 Quomodo
1091 895 1142 936 fic
1164 898 1266 937 redis
1288 911 1408 936 manu
1432 897 1578 937 vacua?

209 971 224 990 «
240 954 322 994 Ubi
340 953 395 992 est
410 967 541 1006 ycona
553 967 674 1006 quam
694 964 732 992 te
750 952 978 992 delaturum
997 953 1287 995 sanffimoniali
1311 954 1542 1009 promifisti?
1562 972 1576 991 »

205 1012 332 1053 Tunc
354 1023 579 1052 remoratus
600 1012 805 1051 civitatem
827 1011 1030 1066 regressus,
1050 1015 1309 1068 interrogavit
1331 1015 1396 1054 ubi
1425 1030 1580 1054 venun-

206 1071 393 1111 darentur
421 1085 574 1124 yconae.
612 1068 721 1110 Inter
755 1082 908 1111 ceteras
943 1086 1040 1113 vero
1073 1088 1237 1126 yconas,
1271 1075 1475 1127 quandam
1510 1072 1576 1113 fibi

205 1129 357 1184 placuit
382 1144 531 1179 emere,
554 1129 591 1169 δε
612 1127 782 1182 egressus
814 1129 869 1169 est
889 1130 1095 1171 civitatem
1117 1132 1249 1172 secum
1278 1133 1458 1172 deferens
1478 1147 1577 1186 yco-

204 1203 349 1230 nam....
374 1205 390 1224 »

299 1259 403 1302 [Bibl.
423 1268 490 1293 nat.
514 1260 628 1301 Paris.‚
647 1260 722 1292 cod.
743 1261 800 1294 ms.
819 1260 887 1302 lat„
910 1273 1020 1304 10522
1038 1262 1125 1305 (saec.
1145 1264 1261 1306 XIII),
1280 1263 1303 1297 f.
1326 1266 1383 1305 36,-
1397 1262 1482 1296 Bibl.
1500 1262 1578 1306 imp.

202 1313 364 1355 Vindob.‚
395 1313 468 1346 cod.
495 1313 555 1346 ms.
582 1317 662 1355 480,
687 1312 708 1345 f.
734 1316 791 1355 66,
813 1325 903 1358 quem
935 1314 1179 1359 exscripserunt
1207 1316 1576 1357 Pseudo-ThermaruS,

202 1366 414 1400 itinerarium
434 1367 466 1399 in
492 1366 631 1400 ‘Terram
650 1368 802 1400 Sanfflam
823 1367 891 1410 (ed.
914 1368 939 1401 I.
959 1368 999 1400 de
1019 1368 1267 1411 Saint-Genois,
1285 1382 1337 1414 ap.
1353 1368 1525 1402 [Wi'moires
1539 1371 1579 1401 de

202 1419 400 1453 I'Acadbmie
412 1418 518 1463 royale
534 1420 574 1452 de
591 1418 752 1463 Belgique,
764 1427 787 1452 t.
801 1421 929 1461 XXVI,
942 1432 972 1464 p.
988 1420 1048 1464 25)
1063 1421 1098 1452 ἔθ’
1108 1422 1295 1455 Matthaeus
1315 1421 1420 1462 Paris,
1433 1421 1576 1465 Historia

202 1473 327 1515 Maior,
342 1473 383 1505 ad
405 1484 479 1505 ann.
504 1484 592 1514 1204
613 1472 683 1515 (ed.
706 1472 830 1514 Luard,
849 1473 893 1514 ΙΙ,
909 1484 962 1516 pp.
984 1474 1184 1518 485-486).]

258 1557 421 1609 «Nota,
441 1559 526 1598 haec
554 1558 690 1598 tabula
716 1558 1025 1613 Corylantz'nopoli
1053 1561 1184 1612 primo
1213 1559 1316 1598 facta
1345 1558 1383 1598 ὅτ
1418 1560 1577 1612 depicta

200 1617 275 1656 fuit
296 1617 335 1656 in
356 1618 511 1657 honore
543 1617 669 1657 beatae
701 1618 894 1670 Virginis,
916 1617 954 1657 &
980 1618 1071 1657 inde
1093 1633 1114 1658 a
1144 1618 1322 1672 quodam
1354 1619 1578 1671 patriarcha

201 1674 460 1730 lerosolymam
490 1675 682 1727 perducta
708 1675 795 1714 fuit.
816 1674 941 1715 Tunc
964 1678 1159 1729 temporis
1181 1677 1366 1730 quaedam
1388 1676 1577 1717 abbatissa

199 1734 413 1786 supradicti
450 1733 526 1774 loci
560 1734 672 1773 causa
701 1733 894 1774 orationis
921 1733 1130 1790 Ierusalem
1152 1735 1421 1786 descenderat,
1441 1736 1478 1776 ἃ
1499 1737 1575 1776 im-

200 1804 353 1846 petrata
386 1793 520 1832 tabula
551 1807 572 1832 a
601 1793 826 1846 patriarcha
859 1791 1207 1848 Ierosolymitano,
1237 1809 1325 1834 eam
1361 1794 1493 1834 secum
1525 1797 1571 1836 ad

198 1852 405 1891 ecelefiam
437 1852 505 1892 fibi
536 1852 785 1892 commissam
814 1852 1105 1905 transportavit.
1135 1853 1229 1893 Fuit
1257 1865 1392 1893 autem
1412 1855 1492 1894 hoc
1513 1856 1573 1895 in-

197 1912 442 1952 carnationis
464 1925 569 1951 anno
586 1912 673 1965 870.
689 1928 703 1947 »

292 1977 493 2022 [Gerardus‚
510 1978 734 2020 Itinerarium,
759 1985 814 2023 ap.
837 1979 1045 2020 Arnoldum,
1065 1980 1224 2013 Chronica
1244 1980 1434 2022 Slavorum,
1453 1981 1473 2015 l.
1496 1983 1572 2024 VII,

197 2042 225 2064 c.
247 2035 263 2064 8
285 2033 407 2074 (Pertz,
422 2033 508 2065 Mon.
529 2034 651 2074 Germ„
670 2041 692 2065 t.
709 2034 803 2074 XXI,
821 2045 852 2077 p.
872 2032 984 2077 240).]

252 2123 268 2143 ‹<
296 2106 362 2146 De
393 2107 567 2160 imagine
597 2122 686 2161 quae
716 2107 771 2147 est
798 2108 836 2146 in
867 2108 1053 2157 Sardencz,
1080 2107 1226 2148 dicitur
1261 2109 1371 2162 quod
1407 2109 1459 2148 ibi
1486 2120 1571 2149 erat

196 2166 381 2219 quaedam
398 2166 584 2206 monialis
601 2166 845 2216 sancffiffima,
863 2181 952 2219 quae
969 2165 1409 2207 multum‘defiderabat
1425 2168 1569 2208 habere

195 2224 370 2278 aliquam
391 2225 610 2278 ychoniam
631 2226 670 2264 in
701 2226 902 2264 honorem
929 2225 1055 2265 beatae
1077 2226 1255 2279 Virginis
1278 2226 1423 2266 NIariae
1444 2226 1482 2266 &
1503 2242 1569 2266 ro-

193 2284 302 2336 gavit
323 2285 526 2337 quendam
549 2284 800 2337 peregrinum
819 2284 886 2337 qui
910 2284 962 2323 ibi
986 2296 1165 2324 moratus
1183 2285 1310 2324 fuerat
1327 2299 1396 2337 per
1413 2285 1568 2338 aliquot

195 2353 355 2394 tempus
385 2342 422 2382 δε
450 2342 611 2382 volebat
637 2343 692 2382 ire
715 2342 948 2400 lherusalem
976 2343 1085 2396 quod
1115 2356 1268 2383 emeret
1295 2342 1362 2383 fibi
1391 2344 1566 2398 aliquam

194 2398 221 2439 s1
243 2401 368 2453 posset
397 2402 577 2441 invenire
605 2402 710 2454 apud
735 2401 957 2459 Ierusalem,
978 2402 1043 2441 ubi
1075 2413 1171 2441 tunc
1201 2401 1362 2442 fiebant.
1394 2403 1486 2454 Ivit,
1506 2404 1566 2443 in-

193 2461 305 2499 venit
336 2461 373 2500 &
404 2461 515 2511 emit,
547 2460 585 2500 &
617 2461 713 2499 dum
747 2461 907 2511 rediret,
940 2462 977 2500 in
1009 2462 1187 2514 quodam
1218 2461 1382 2502 tranfitu
1413 2464 1566 2503 audivit

198 2517 424 2573 Turcopolas
445 2520 513 2572 qui
530 2520 746 2559 veniebant
767 2534 860 2559 cum
882 2520 1014 2572 praeda
1018 2551 1091 2559 ......
1114 2537 1129 2556 »

289 2591 387 2633 [Bibl.
406 2592 495 2624 urbis
513 2592 783 2625 Cathalaunenfis
802 2592 833 2624 in
854 2592 1050 2636 Campania,
1063 2594 1138 2627 cod.
1151 2594 1272 2635 ms.,n⁰
1286 2598 1326 2637 56
1345 2594 1433 2637 (saeC.
1450 2597 1561 2640 XIII),

193 2643 214 2676 f.
237 2644 304 2689 97.]

478 2741 495 2762 «
528 2725 583 2764 Al
605 2726 777 2765 termine
799 2724 937 2764 d'ilors
958 2726 1068 2765 avint

477 2782 575 2840 Que
596 2799 670 2824 uns
691 2784 847 2824 moines
868 2784 1013 2838 gresois
1035 2785 1070 2824 la
1092 2786 1177 2826 vint

379 2843 406 2877 P
1276 2859 1314 2891 33
1333 2848 1345 2859 *
