2131 3552
578 177 638 224 86

1191 178 1330 240 (395)

763 328 906 373 impetus
919 328 1080 370 laetificat,
1097 341 1173 373 quae
1186 328 1217 362 in
1232 336 1347 363 monte
1361 329 1419 362 {ita
1432 328 1532 362 celari
1547 340 1612 362 non
1626 329 1734 373 potest
1752 356 1757 362 .
1778 355 1784 361 .
1800 356 1805 362 .
1826 330 1945 374 Neque

765 393 844 415 vero
857 381 921 415 hoc
932 381 1057 421 dicens,
1076 381 1306 426 memetipsum
1324 381 1550 415 inconstantiae
1564 381 1741 426 redarguo,
1755 382 1946 426 damnoque

766 434 857 479 quod
875 434 973 476 facio,
1001 442 1036 468 ut
1053 435 1166 468 frustra
1186 435 1299 469 videar
1327 436 1371 468 ad
1391 435 1577 479 exemplum
1604 434 1785 467 Abraham
1804 435 1834 468 δι
1855 446 1947 468 meos

766 488 796 521 &
811 487 949 532 patriam
964 487 1137 533 reliquiffe3
1156 488 1209 521 sed
1231 500 1297 521 non
1313 488 1421 521 audeo
1435 488 1499 522 Dei
1513 486 1790 531 omnipotentiam
1808 488 1948 532 angusto

765 539 830 573 fine
848 540 1054 582 concludere,
1082 541 1113 573 &
1130 541 1297 574 coaraare
1315 552 1418 586 parvo
1448 548 1544 574 terrae
1561 540 1636 574 loco
1655 552 1755 585 quem
1775 552 1840 573 non
1859 541 1949 586 capit

767 592 890 625 coelum
911 619 918 626 .
933 619 940 626 .
957 619 962 625 .
988 592 1104 626 Crucis
1122 592 1221 637 igitur
1238 595 1268 627 δι
1289 593 1551 627 Κεῖυιτεξὶίοηὶε
1569 593 1642 626 loca
1660 593 1796 638 prosunt
1813 592 1875 636 his,
1892 594 1949 638 qui

769 653 905 690 portant
927 657 1058 679 crucem
1082 645 1172 678 suam
1203 647 1233 678 δι
1269 657 1344 679 cum
1367 647 1498 680 Christo
1522 647 1695 690 resurgunt
1713 645 1874 690 quotidie,
1892 644 1950 689 qui

768 698 888 742 dignos
907 699 938 731 se
961 707 1055 732 tanto
1077 698 1231 732 exhibent
1255 699 1449 732 habitaculo
1472 725 1478 731 .
1499 725 1505 732 .
1523 725 1529 732 .
1555 727 1561 732 .
1592 699 1765 732 Antonius
1783 700 1814 732 &
1833 698 1951 732 cunfih

770 751 900 796 AEgypti
916 753 945 784 &
960 751 1206 795 Mesopotamiae,
1227 752 1323 793 Ponti,
1342 752 1551 796 Cappadociae
1570 753 1599 785 δι
1621 751 1781 786 Armeniae
1801 751 1951 785 examina

766 805 1004 838 monachorum
1035 816 1101 837 non
1131 804 1282 838 viderunt
1299 805 1531 849 lerosolymam,
1560 806 1590 837 δι
1615 813 1731 849 patent
1749 804 1810 838 illis
1828 805 1953 848 absque

769 859 831 891 hac
845 858 926 890 urbe
938 858 1082 890 Paradisi
1096 857 1212 890 ianuae.
1231 858 1354 891 Beatus
1369 858 1531 900 Hilarion,
1545 870 1648 903 quum
1665 858 1856 893 Palaestinus
1874 856 1954 891 effet

771 912 800 944 &
823 911 854 943 in
874 909 1047 944 Palaestina
1071 910 1207 952 viveret,
1234 922 1302 943 uno
1326 919 1456 944 tantum
1481 911 1534 944 die
1558 911 1639 944 vidit
1660 910 1890 954 lerosolymam,
1917 919 1954 944 ut

771 973 832 996 nec
843 970 1056 995 contemnere
1073 963 1156 996 Loca
1169 964 1288 996 Sanela
1306 970 1442 1008 propter
1456 963 1622 1006 viciniam,
1641 975 1701 997 nec
1715 964 1821 996 rursus
1836 963 1956 997 Domi-

771 1027 850 1049 num
877 1015 954 1048 loco
983 1015 1136 1048 claudere
1154 1016 1333 1049 videretur.
1366 1017 1428 1049 Ab
1449 1016 1609 1049 Hadriani
1629 1016 1836 1062 temporibus
1854 1017 1956 1060 usque

771 1069 813 1102 ad
831 1068 1006 1113 imperium
1027 1068 1249 1110 Constantini,
1273 1080 1331 1113 per
1348 1080 1452 1102 annos
1471 1069 1601 1103 circiter
1619 1078 1752 1103 centum
1771 1070 1956 1114 oaoginta,

771 1122 802 1155 in
828 1121 904 1154 loco
927 1121 1188 1155 Resurrefitionis
1207 1121 1415 1155 simulacrum
1433 1123 1533 1163 Iovis,
1562 1122 1594 1155 in
1619 1123 1733 1156 Crucis
1752 1134 1832 1168 rupe
1852 1123 1957 1156 statua

772 1187 812 1208 ex
844 1186 1009 1207 marmore
1026 1174 1159 1208 Veneris
1188 1187 1207 1207 a
1231 1174 1388 1220 gentibus
1417 1175 1522 1220 posita
1546 1175 1744 1217 celebratur,
1773 1175 1958 1209 existiman-

773 1229 862 1262 tibus
876 1227 1110 1273 persecutionis
1124 1228 1328 1269 austoribus,
1345 1229 1437 1273 quod
1451 1228 1604 1262 tollerent
1618 1228 1712 1262 nobis
1726 1228 1826 1262 fidem
1838 1228 1960 1262 Resur-

772 1280 925 1315 refi’tionis
943 1281 973 1313 δε
989 1281 1120 1323 Crucis,
1138 1280 1159 1314 fi
1177 1282 1259 1315 Loca
1271 1283 1390 1316 Saana
1403 1293 1460 1326 per
1473 1281 1561 1314 idola
1580 1281 1778 1326 polluissent:
1798 1281 1960 1314 Bethleem

773 1345 860 1368 nunc
878 1334 1035 1375 nostram,
1064 1335 1095 1367 &
1114 1334 1372 1378 augustissimum
1397 1334 1487 1368 orbis
1509 1335 1632 1376 locum,
1648 1334 1690 1368 de
1707 1346 1775 1379 quo
1794 1334 1959 1368 Psalmista

773 1388 876 1422 canit:
895 1402 906 1416 a
920 1386 1049 1420 Veritas
1062 1387 1102 1420 de
1115 1394 1209 1420 terra
1226 1395 1298 1421 orta
1315 1388 1357 1431 est
1375 1401 1388 1419 υ
1409 1387 1640 1431 (PCLxxxtv,
1657 1387 1729 1432 η),
1746 1387 1839 1421 lucus
1853 1387 1960 1421 inum-

773 1441 894 1474 brabat
912 1440 1080 1482 Thamus,
1110 1439 1142 1473 id
1169 1440 1215 1473 est
1239 1440 1425 1482 Adonidis,
1454 1441 1485 1474 &
1508 1440 1540 1473 in
1566 1441 1675 1484 specu,
1709 1439 1766 1473 ubi
1789 1440 1960 1485 quondam

775 1493 920 1528 Christus
940 1493 1093 1538 parvulus
1112 1493 1227 1538 vagiit,
1245 1493 1378 1527 Veneris
1396 1493 1534 1527 amasius
1553 1493 1786 1538 plangebatur.

824 1549 922 1587 Cur‚:‚
935 1545 1097 1591 inquienS,
1127 1546 1200 1580 haec
1220 1554 1289 1579 tam
1308 1546 1410 1592 longo
1429 1546 1567 1590 repetita
1585 1545 1774 1591 principio?
1798 1544 1963 1580 Videlicet

775 1613 815 1634 ne
844 1599 1026 1644 quidquam
1057 1599 1133 1632 fidei
1163 1607 1231 1634 tuae
1261 1599 1370 1633 deesse
1400 1608 1508 1644 putes,
1537 1599 1616 1644 quia
1646 1598 1868 1643 lerosolymam
1896 1610 1962 1632 non

776 1652 905 1696 vidisti;
923 1663 983 1685 nec
1002 1664 1061 1685 nos
1079 1652 1204 1686 idcirco
1223 1653 1375 1686 meliores
1394 1652 1543 1694 aestimes,
1562 1652 1653 1697 quod
1671 1652 1768 1685 huius
1788 1651 1851 1685 loci
1869 1651 1964 1685 habi-

776 1706 887 1740 taculo
905 1705 1042 1739 fruimur
1059 1731 1066 1739 .
1081 1732 1088 1739 .
1103 1731 1110 1738 .
1127 1731 1134 1738 .
1164 1705 1194 1739 Si
1215 1706 1334 1739 Crucis
1353 1707 1383 1738 δι
1403 1705 1665 1739 Resurreffionis
1683 1705 1756 1738 loca
1776 1715 1844 1738 non
1863 1704 1964 1738 effent

738 1799 748 1804 β
776 1760 807 1793 in
826 1760 908 1792 urbe
926 1758 1155 1800 celeberrima,
1181 1759 1213 1792 in
1230 1771 1296 1803 qua
1314 1758 1417 1800 curia,
1447 1758 1480 1791 in
1498 1770 1565 1803 qua
1582 1757 1659 1791 aula
1678 1757 1832 1800 militum,
1849 1757 1881 1790 in
1899 1769 1965 1802 qua

777 1814 894 1854 scorta,
912 1811 1015 1853 mimi,
1041 1811 1159 1846 scurrae
1177 1813 1207 1845 δι
1226 1812 1339 1845 omnia
1358 1812 1443 1853 sunt,
1461 1824 1537 1856 quae
1556 1811 1658 1845 solent
1675 1815 1708 1844 in
1725 1810 1856 1846 caeteris
1874 1809 1964 1844 urbi-

776 1868 849 1908 bus,
863 1865 912 1898 vel
928 1864 948 1897 fi
964 1864 1209 1898 monachorum
1223 1865 1328 1898 turbis
1344 1865 1556 1898 solummodo
1570 1864 1846 1909 frequentaretur,
1865 1875 1963 1909 expe-

779 1919 916 1953 tendum
926 1929 1048 1951 ‘revera
1061 1917 1287 1952 huiuscemodi
1303 1918 1428 1952 cunctis
1444 1917 1614 1951 monachis
1629 1916 1709 1951 effet
1722 1916 1961 1951 habitaculum.

778 1974 876 2007 Nunc
906 1983 985 2005 vero
1015 1971 1152 2006 summae
1183 1971 1326 2006 stultitiae
1351 1972 1394 2004 est
1413 1971 1610 2004 renunciare
1639 1970 1767 2013 saeculo,
1797 1969 1964 2003 dimittere

779 2026 935 2071 patriam,
965 2025 1062 2057 urbes
1081 2024 1240 2067 deserere,
1273 2024 1474 2058 monachum
1495 2023 1655 2069 profiteri,
1671 2024 1702 2056 &
1720 2023 1805 2056 inter
1824 2022 1963 2057 maiores

779 2079 919 2126 populos
937 2089 1074 2123 peregre
1091 2078 1212 2119 vivere,
1238 2090 1340 2123 quam
1361 2090 1432 2112 eras
1450 2078 1595 2111 vieturus
1619 2076 1650 2110 in
1669 2076 1786 2121 patria.
1816 2078 1869 2110 De
1887 2084 1964 2110 toto

777 2132 843 2165 huc
871 2131 952 2164 orbe
969 2130 1188 2164 concurritur.
1221 2131 1324 2164 Plena
1351 2131 1394 2164 est
1413 2130 1530 2163 civitas
1549 2129 1685 2163 univerfi
1706 2129 1836 2174 generis
1853 2129 1964 2163 homi—

780 2196 870 2228 num,
906 2185 936 2217 &
967 2191 1058 2216 tanta
1084 2183 1252 2228 utriusque
1283 2185 1375 2217 sexus
1401 2182 1611 2228 constipatio,
1641 2190 1680 2216 ut
1709 2183 1800 2227 quod
1830 2182 1908 2216 alibi
1925 2194 1964 2216 ex

780 2245 874 2283 parte
891 2236 1055 2281 fugiebas,
1072 2237 1124 2270 hic
1142 2245 1250 2270 totum
1271 2237 1421 2270 sustinere
1439 2237 1569 2281 cogaris
1589 2263 1595 2268 .
1617 2262 1622 2267 .
1644 2263 1650 2269 .

829 2326 874 2366 [S.
893 2323 1131 2369 HieronyinuS‚
1148 2322 1285 2367 Epistola
1304 2323 1427 2363 LVIII,
1444 2323 1492 2354 ad
1510 2321 1691 2363 Paulinum,
1710 2323 1762 2355 De
1779 2320 1966 2364 institutione

781 2383 928 2418 monachi
945 2383 1094 2427 (Migne,
1115 2384 1203 2416 Patr.
1224 2382 1295 2424 lat„
1314 2383 1424 2423 XXII,
1449 2393 1475 2414 c.
1502 2380 1612 2425 580).]

600 2509 676 2540 395.
708 2496 929 2530 Awrxocum
956 2504 1001 2527 AB
1027 2495 1173 2526 numus
1201 2502 1417 2526 OBSIDETUR.

834 2596 846 2613 α
870 2584 960 2616 Ecce
986 2579 1045 2614 tibi
1075 2591 1163 2613 anno
1181 2579 1352 2624 praeterito
1382 2591 1423 2612 ex
1447 2577 1572 2612 ultimis
1591 2576 1727 2620 Causast
1750 2575 1886 2621 rupibus
1904 2574 1965 2609 im-

784 2637 864 2670 miffi
894 2637 926 2670 in
957 2647 1027 2679 nOS,
1058 2646 1123 2669 non
1147 2635 1213 2667 iam
1233 2632 1379 2674 Arabiae‚
1412 2633 1465 2666 sed
1496 2631 1724 2676 septentrionis
1748 2629 1827 2675 lupi,
1857 2637 1966 2662 tantas

783 2688 872 2723 brevi
891 2688 1075 2734 provincias
1099 2693 1339 2733 percurrerunt.
1360 2686 1452 2724 Quot
1472 2683 1666 2718 monasteria
1684 2686 1808 2728 capta?
1831 2688 1966 2726 quantae
