2131 3552
825 242 966 307 (562)
1489 256 1581 308 235

269 415 284 434 ε
310 398 436 438 Tunc
466 398 488 438 s.
519 399 683 453 Tygris,
711 397 790 437 fide
821 397 951 451 plena,
983 398 1146 438 vinculo
1176 399 1210 438 se
1242 399 1454 440 iuramenti
1486 415 1585 440 con-

209 457 379 508 strinxit,
399 459 507 511 quod
537 473 619 497 non
643 458 748 510 prius
778 457 826 496 ab
851 457 930 510 ipso
954 457 1045 496 loco
1078 457 1311 509 discederet,
1341 473 1475 512 quam,
1498 474 1585 512 per-

211 517 396 556 mittente
418 517 624 570 unigenito
642 515 746 556 Filio
768 515 861 566 Dei,
878 530 925 555 ex
945 517 1132 556 membris
1151 518 1186 556 b.
1202 515 1364 557 Ioannis
1384 517 1584 570 Baptistae,

209 575 385 629 aliquam
411 576 646 629 particulam
669 587 886 614 mereretur
907 578 1111 629 accipere;
1134 576 1194 615 sed
1215 577 1293 616 loci
1318 576 1422 617 illius
1441 578 1585 618 incolae

209 634 306 674 illud
330 635 598 674 iuramentum
620 635 788 673 omnino
814 635 1050 687 impollibile
1075 636 1315 675 iudicabant.
1342 634 1428 688 Ipsa
1451 648 1583 676 tamen

208 694 391 747 quotidie
421 706 513 733 ante
545 693 695 732 sanetas
718 693 905 746 reliquias
927 693 1001 733 sese
1023 694 1227 744 offerebat,
1257 709 1376 735 orans
1404 707 1446 734 ut
1469 694 1584 735 Deus

208 753 283 792 iter
314 752 423 792 suum
454 751 688 805 prosperum
719 754 895 791 efficeret
921 753 957 792 δε
988 752 1224 792 desiderium
1255 753 1504 805 adimpleret.
1537 752 1583 794 In

208 825 287 865 qua
320 812 543 850 intentione
578 812 782 851 continuis
818 811 976 851 duobus
1011 812 1138 862 annis,
1173 812 1316 866 iugiter
1352 811 1583 853 Dominum

209 872 442 923 deposcens,
464 871 610 909 devote
634 871 907 923 perseveravit.

264 947 278 966 «
300 929 446 968 Tertio
467 930 627 968 tandem
647 930 866 982 incipiente
884 944 1004 978 anno,
1020 944 1112 969 cum
1133 930 1211 969 iam
1229 931 1401 970 nimium
1416 932 1583 982 orando,

207 988 438 1038 ieiunando,
475 989 694 1041 vigilando,
734 988 899 1029 assiduas
937 988 1131 1042 lacrymas
1168 989 1388 1040 fundendo,
1424 991 1585 1043 fatigata

207 1046 313 1097 effet,
334 1047 371 1087 ἃ*
393 1047 439 1086 ad
462 1046 650 1086 effe-stum
669 1047 774 1086 suam
792 1049 1032 1101 petitionem
1056 1049 1264 1100 pervenire
1285 1063 1365 1088 non
1391 1061 1585 1100 cerneret,

207 1106 376 1158 proiecit
398 1107 432 1144 se
459 1118 550 1144 ante
572 1105 812 1158 sepulcrum,
837 1108 960 1146 corde
982 1107 1157 1146 contrito
1180 1106 1217 1146 Sc
1238 1107 1466 1157 humiliato,
1489 1107 1581 1147 Do-

205 1164 360 1204 minum
383 1165 696 1218 lacrymabiliter
719 1180 848 1216 orans,
884 1177 927 1205 ut
956 1166 1041 1206 eius
1063 1166 1317 1204 diutissimam
1343 1166 1582 1219 petitionem

205 1225 392 1264 exaudire
433 1224 688 1277 dignaretur3
731 1225 923 1265 adiiciens
962 1239 1169 1278 nunquam
1206 1225 1242 1264 se
1276 1226 1323 1264 ab
1354 1225 1436 1277 ipso
1473 1227 1583 1278 pavi-

203 1295 343 1322 mento
379 1283 653 1333 surrecturam,
687 1284 913 1337 priusquam
950 1285 1037 1337 pius
1059 1284 1096 1323 δε
1126 1283 1350 1324 misericors
1374 1283 1582 1324 Dominus

203 1341 311 1382 suam
347 1342 533 1396 impleret
555 1343 820 1395 petitionem3
851 1344 987 1396 ibique
1009 1345 1155 1393 iacens,
1181 1343 1421 1396 nullumque
1443 1345 1580 1382 cibum

202 1401 374 1456 gustans,
408 1402 504 1441 flere
526 1402 562 1442 Sc
584 1417 697 1442 orare
732 1419 812 1443 non
848 1402 1021 1453 ceffavit,
1060 1404 1228 1456 cupiens
1258 1401 1412 1442 diffolvi
1441 1404 1477 1443 ἃ
1506 1403 1581 1443 effe

203 1475 297 1500 cum
320 1461 496 1510 Christo,
518 1462 644 1515 magis
667 1475 787 1514 quam
812 1463 984 1501 incarne
1002 1475 1248 1514 permanere.
1267 1461 1342 1500 Sed
1358 1462 1581 1502 misericors

205 1519 412 1560 Dominus
442 1521 582 1560 videns
624 1521 708 1560 eius
749 1520 1026 1570 constantiam,
1065 1519 1186 1560 fidem
1219 1520 1514 1571 inviolabilem,
1545 1521 1582 1560 &

202 1579 396 1618 invidiam
441 1579 785 1631 perseverantiam,
820 1579 1089 1619 misericordia
1129 1592 1276 1630 motus,
1316 1581 1507 1620 conceffit
1546 1581 1580 1619 ei

203 1639 355 1677 donum
379 1636 602 1691 quaesitum,
623 1638 661 1677 &
683 1639 871 1677 omnibus
889 1638 1028 1678 seculis
1051 1639 1344 1678 admirandum.
1368 1638 1449 1678 Dei
1472 1641 1581 1678 enim

202 1709 317 1736 motu
343 1698 529 1749 apparuit
560 1696 673 1749 supra
704 1697 930 1750 sepulcrum
965 1698 1000 1736 b.
1031 1695 1195 1738 Ioannis
1227 1698 1414 1750 Baptistae
1446 1698 1580 1751 pollex

201 1754 320 1808 ipsius
352 1755 389 1795 &
421 1770 510 1808 pars
541 1755 772 1809 digitorum,
806 1757 873 1809 qui
915 1770 1145 1796 meruerunt
1184 1756 1356 1796 Domini
1389 1759 1580 1796 verticem

201 1825 362 1868 tangere
392 1816 430 1853 in
462 1815 637 1854 Icrdanis
657 1815 837 1866 flumine,
873 1816 1033 1868 quando
1058 1815 1136 1869 ipse
1158 1816 1410 1870 Redemptor
1441 1815 1509 1856 sub
1531 1831 1579 1856 eo

201 1874 386 1928 dignatus
408 1873 463 1912 est
479 1873 688 1926 baptizari.

257 1950 271 1969 <c
295 1933 504 1985 Cognovit
531 1945 666 1972 autem
687 1933 816 1972 saneta
842 1932 924 1973 Dei
951 1933 1100 1972 famula
1119 1934 1154 1972 se
1179 1932 1255 1972 esse
1277 1935 1521 1984 exauditam,
1542 1935 1580 1975 &

199 1992 355 2032 sumens
378 1991 474 2030 illud
499 1991 676 2031 sanetum
701 1992 781 2032 Dei
801 1994 968 2042 donum,
990 1992 1193 2045 resumpto
1217 1993 1351 2046 spiritu
1374 1996 1442 2047 qui
1466 2009 1578 2046 paene

199 2051 239 2090 in
261 2065 307 2090 ea
323 2050 537 2100 defecerat,
555 2051 775 2104 &receptis
795 2053 944 2090 viribus
959 2051 1048 2091 laeta
1066 2051 1244 2091 surrexit.
1264 2052 1578 2105 Reconditoque

199 2124 248 2149 eo
271 2111 308 2149 in
331 2109 490 2158 capsula
521 2124 641 2163 quam
670 2111 824 2149 dudum
854 2122 1060 2163 paraverat
1092 2113 1201 2160 (curn
1231 2112 1374 2151 ceteris
1396 2111 1576 2151 minutiis

197 2168 488 2222 reliquiarum,
519 2169 696 2221 gaudens
725 2170 851 2221 coepit
881 2171 926 2208 ad
962 2170 1123 2222 propria
1146 2183 1332 2208 remeare.
1355 2167 1576 2222 Impletum

199 2228 254 2267 est
285 2229 321 2267 in
355 2228 422 2267 illa
456 2228 565 2281 quod
603 2229 642 2266 in
672 2227 896 2281 Evangelio
929 2229 1119 2281 scriptum
1159 2230 1410 2269 invenimus:
1445 2229 1578 2269 Omnis

199 2288 262 2341 qui
286 2288 380 2341 petit
411 2287 556 2340 accipit,
590 2288 633 2326 δῖ’
667 2288 730 2340 qui
760 2288 897 2340 quaerit
930 2288 1085 2338 invenit,
1115 2289 1158 2327 &⁶
1184 2288 1357 2345 pulsanti
1384 2289 1577 2341 aperietur

200 2346 365 2397 (Math.,
388 2344 483 2396 VH,
501 2350 551 2399 7).
573 2346 805 2385 Recedente
828 2358 962 2386 autern
984 2346 1134 2386 famula
1151 2345 1246 2396 Dei,
1266 2361 1359 2385 cum
1382 2345 1476 2386 eiset
1497 2349 1573 2385 iam

198 2405 318 2459 longe
351 2405 474 2458 spatio
511 2405 666 2458 aliquot
704 2405 948 2456 milliarium,
984 2405 1250 2458 provinciales
1280 2406 1319 2444 in
1355 2406 1390 2445 se
1420 2403 1575 2456 reversi,

199 2478 354 2517 magnae
376 2465 562 2503 amentiae
584 2464 620 2503 ἃ
642 2465 810 2517 ignaviae
832 2465 1031 2517 imputare
1053 2476 1278 2517 coeperunt,
1299 2465 1408 2518 quod
1433 2464 1576 2504 mulier

199 2524 409 2576 peregrina
425 2523 462 2562 &
485 2523 648 2562 inermis
671 2524 870 2562 honorem
890 2526 1014 2576 regni,
1032 2535 1299 2563 tutamentum
1320 2523 1473 2576 populi,
1495 2521 1574 2562 fine

198 2581 519 2621 contradicitione
537 2580 574 2620 &
587 2580 731 2634 absque
749 2582 902 2631 iniuria,
918 2581 998 2621 sola
1014 2583 1200 2621 auferret.
1220 2581 1319 2637 Qua
1335 2582 1382 2621 de
1403 2597 1442 2621 re
1460 2580 1573 2622 simul

199 2654 341 2680 omnes
375 2641 586 2687 commoti,
622 2639 734 2678 cursu
765 2639 1012 2680 velociffimo
1048 2641 1212 2680 insecuti
1248 2641 1346 2680 sunt.
1384 2640 1505 2696 Quos
1531 2652 1574 2681 ut

197 2700 312 2749 vidit,
331 2700 458 2738 nimio
482 2710 634 2738 terrore
655 2701 836 2750 expavit:
868 2699 930 2739 sed
953 2701 1130 2753 fugiendi
1159 2700 1295 2739 locum
1317 2715 1398 2739 non
1420 2700 1571 2739 habuit.

256 2775 271 2795 «
295 2758 422 2798 Tunc
445 2768 532 2797 toto
553 2757 674 2797 corde
695 2757 743 2796 ad
765 2756 997 2798 Dominum
1027 2758 1231 2810 conversa,
1256 2760 1384 2798 oravit
1404 2773 1454 2798 ne
1474 2773 1570 2813 gau—
