2131 3552
552 220 637 286 146
1160 217 1299 280 (420)

544 375 606 416 sed
628 377 764 416 divina
795 374 1011 416 clementia
1044 374 1179 414 aetum
1199 373 1267 424 est,
1300 374 1408 428 quod
1438 371 1570 412 sancf'm
1601 384 1697 410 crux
1727 384 1750 410 a
1768 370 1907 410 nefan-

543 438 686 475 dorum
719 435 874 475 feritate
907 433 1038 472 inlaesa
1072 432 1294 485 permansit,
1327 431 1426 473 ficut
1457 430 1512 470 est
1532 429 1666 480 hodie,
1699 429 1737 469 &
1766 429 1907 482 praeci-

544 509 669 547 puum
701 507 802 547 opus
836 491 992 545 aedificij
1029 505 1050 530 a
1082 490 1216 530 valido
1247 491 1382 531 calore
1413 491 1513 544 ignis
1534 488 1706 528 inustum
1736 502 1807 541 per
1827 487 1908 526 vir-

542 564 670 593 tutem
690 552 831 592 sanetae
850 551 982 591 crucis
1002 549 1146 589 extitit.

599 629 614 649 «
639 625 695 663 14.
717 610 843 651 Aliud
858 623 969 659 vero,
990 609 1098 662 quod
1120 622 1266 662 magno
1287 623 1410 661 opere
1425 608 1549 662 gessit,
1569 621 1651 647 non
1668 606 1723 646 est
1735 606 1908 646 reticen-

544 673 652 711 dum.
688 669 741 710 Et
768 668 923 708 mensus
954 667 1021 717 est,
1050 681 1144 706 cum
1175 664 1269 706 effet
1301 667 1584 724 Hierosolyma,
1617 676 1717 719 quot
1746 664 1909 705 calamis

547 728 725 783 Golgotha
754 727 914 767 distaret
947 740 969 765 a
988 735 1102 765 monte
1123 725 1284 766 Oliveti:
1320 725 1464 765 eodem
1499 725 1623 765 modo
1645 725 1698 765 ibi
1728 725 1767 765 &
1796 739 1909 764 men-

544 789 604 829 sus
633 787 712 836 est3
748 787 786 826 in
817 796 929 839 grata
958 784 1122 837 planitie
1152 784 1258 824 illius
1288 784 1367 823 loci
1398 796 1581 824 montem
1610 784 1807 834 condidit,
1840 783 1907 837 qui

544 847 665 901 usque
696 847 734 885 in
764 843 996 898 praesentem
1028 843 1133 883 diem
1169 858 1266 883 mons
1299 843 1442 883 Oliveti
1461 854 1643 894 vocatur,
1672 857 1794 896 quem
1816 856 1910 881 cum

545 919 690 960 magno
721 903 862 943 sudore
884 902 922 942 &
942 902 1136 942 exercitio
1164 902 1371 950 inaltavit3
1404 901 1442 941 &
1462 901 1623 941 aliunde
1643 917 1691 941 ex
1714 900 1911 955 imperiali

545 965 679 1005 edieto
701 975 845 1004 terram
870 962 1007 1001 fodere
1028 961 1065 1001 δι
1086 960 1315 1000 conducere
1338 960 1442 999 fecit.
1475 960 1681 1014 Siquidem
1702 961 1741 1000 in
1762 961 1911 1000 vertice

546 1024 695 1063 montis
715 1022 834 1062 huius
855 1020 1141 1060 monasterium
1168 1021 1207 1058 in
1228 1020 1385 1059 honore
1415 1019 1536 1059 saneti
1556 1018 1719 1060 Ioannis
1740 1033 1912 1072 evange-

546 1082 641 1121 listae
654 1081 764 1121 omni
775 1079 982 1132 diligentia
993 1092 1087 1118 cum
1100 1078 1358 1117 eminentiori
1371 1077 1555 1128 aedificio,
1567 1076 1729 1118 excelsis
1738 1078 1912 1118 turribus

544 1139 714 1181 studiose
752 1138 983 1178 construxit.
1022 1135 1069 1176 In
1109 1137 1244 1176 medio
1282 1147 1417 1176 autem
1457 1136 1597 1190 templi
1636 1138 1780 1176 atrium
1818 1150 1913 1176 cum

545 1199 747 1239 columnis
769 1196 1037 1250 pretiosorum
1058 1195 1239 1248 lapidum
1261 1196 1375 1236 tereti
1397 1195 1550 1235 circulo
1572 1196 1672 1235 mire
1693 1196 1913 1245 exornavit,

546 1258 583 1298 &
604 1256 859 1306 vestibulum,
879 1256 988 1309 quod
1012 1265 1095 1294 erat
1116 1265 1208 1294 ante
1225 1255 1385 1305 atrium,
1405 1255 1563 1294 vestivit
1581 1255 1698 1295 variis
1715 1254 1914 1308 lapidibus

545 1316 661 1356 13,ἃεί
683 1315 832 1355 coloris
862 1329 956 1354 cum
977 1313 1181 1354 coelaturis
1202 1313 1288 1354 suis.
1317 1312 1490 1354 Parietes
1511 1324 1646 1353 autern
1668 1314 1791 1353 totius
1816 1313 1913 1353 aedi-

546 1375 641 1429 ficij,
662 1375 746 1427 atrij
779 1373 818 1413 &
844 1372 1028 1412 vestibuli
1049 1373 1365 1426 circumquaque
1399 1373 1438 1412 in
1474 1372 1646 1412 circuitu
1681 1386 1750 1424 per
1781 1372 1915 1425 girum

547 1433 723 1488 pulchris
745 1432 910 1486 pasturis
931 1431 1121 1470 decorare
1138 1430 1298 1470 studuit.
1321 1430 1359 1470 A
1377 1430 1477 1483 pede
1494 1430 1643 1469 montis
1659 1429 1776 1470 huius
1793 1428 1915 1482 usque

548 1493 595 1532 ad
617 1492 810 1531 verticem
837 1489 1014 1530 ascensus
1046 1500 1127 1529 erat
1148 1502 1218 1542 per
1245 1502 1494 1528 marmoreos
1514 1489 1670 1541 gradus.
1703 1485 1751 1528 In
1778 1488 1914 1527 medio

549 1551 635 1605 atrij
659 1549 714 1590 est
734 1550 861 1599 locus,
882 1563 930 1588 ex
950 1562 1047 1602 qu0,
1067 1548 1323 1588 cernentibus
1344 1547 1559 1600 discipulis,
1580 1546 1761 1588 Christus
1781 1545 1916 1586 ascen-

548 1610 606 1650 dit
634 1611 670 1649 in
693 1608 855 1649 coelum.
891 1607 938 1646 ln
973 1606 1118 1646 eodem
1147 1620 1242 1646 vero
1276 1606 1368 1647 loco
1403 1606 1570 1659 Spiritus
1605 1605 1771 1646 SanE’tus
1805 1606 1916 1645 venit

549 1669 664 1723 super
693 1682 776 1718 eos,
809 1667 845 1707 δι
868 1667 979 1706 dedit
1000 1664 1077 1705 illis
1102 1665 1306 1705 scientiam
1327 1666 1512 1705 omnium
1545 1664 1797 1718 linguarum:
1832 1663 1915 1703 illic

548 1729 741 1768 nimirum
773 1724 899 1779 posita
927 1724 982 1765 est
1012 1739 1124 1774 crux,
1158 1734 1202 1764 ut
1222 1725 1261 1764 in
1283 1723 1486 1777 posterum
1507 1721 1660 1777 signum
1681 1721 1776 1763 effet
1795 1732 1916 1762 tantae

548 1785 776 1825 sanititatis.
820 1783 1001 1836 Spatium
1042 1793 1189 1833 autem,
1232 1783 1341 1835 quod
1381 1781 1497 1821 distat
1530 1783 1633 1821 inter
1662 1780 1843 1834 Golgotha
1875 1780 1914 1821 &

548 1854 699 1884 montem
735 1843 891 1893 Oliveti,
920 1842 976 1881 est
1004 1841 1118 1881 vallis
1152 1856 1241 1895 quae
1274 1852 1531 1893 nuncupatur
1564 1839 1763 1897 Iosaphat:
1796 1840 1836 1879 in
1871 1853 1918 1879 ea

549 1917 645 1943 vero
676 1901 731 1942 est
765 1916 858 1956 ager
888 1900 1179 1940 Hakeldamach
1215 1900 1282 1953 [al.
1317 1899 1616 1952 Achaldemach],
1653 1899 1720 1952 qui
1757 1908 1916 1952 emptus

551 1962 606 2002 est
625 1976 648 2001 a
667 1959 813 2000 Iudaeis
835 1975 883 2000 ex
905 1959 1065 2013 triginta
1085 1959 1283 2013 argenteis
1304 1972 1406 2011 quos
1426 1956 1526 1998 Iuda
1546 1957 1696 2009 retulit,
1728 1958 1767 1997 in
1788 1956 1918 2010 sepul-

550 2032 682 2060 turam
704 2020 1020 2072 peregrinorum,
1040 2018 1138 2058 ficut
1158 2018 1304 2071 legitur
1325 2018 1364 2056 in
1386 2016 1564 2057 Passione
1582 2016 1767 2056 Domini.
1789 2014 1915 2055 Aliud

552 2093 715 2133 quoque
739 2092 855 2131 opus,
889 2078 998 2131 quod
1029 2076 1189 2116 solerter
1216 2075 1408 2125 exercuit,
1426 2089 1508 2114 non
1530 2074 1585 2114 est
1606 2074 1916 2128 praetermitten-

552 2139 663 2188 dum,
683 2139 780 2191 quin
803 2136 927 2176 literis
950 2136 1171 2175 dilucidare
1191 2134 1424 2188 satagemus.
1454 2132 1569 2173 Fecit
1590 2147 1754 2186 quoque
1784 2132 1917 2185 typice

552 2198 703 2251 ingenti
725 2209 822 2235 cura
843 2195 1047 2248 piscinam,
1069 2194 1285 2234 secundum
1308 2193 1416 2247 quod
1438 2191 1593 2232 calamo
1615 2190 1772 2231 mensus
1792 2191 1918 2231 fuerat

552 2258 592 2296 in
610 2255 814 2313 Ierusalem
834 2254 951 2294 instar
970 2254 1168 2294 natatoriae
1185 2252 1286 2303 Silae,
1307 2252 1356 2291 de
1372 2265 1451 2305 qua
1471 2261 1566 2291 nato
1582 2264 1691 2290 caeco
1709 2249 1917 2290 Dominus

552 2316 626 2355 ait:
665 2331 680 2351 «
705 2313 821 2354 Vade
851 2314 898 2352 ad
931 2314 1158 2353 natatoriam
1188 2311 1276 2351 Siloi}
1305 2309 1343 2350 &
1373 2309 1460 2349 lava
1483 2325 1498 2346 »
1536 2309 1625 2363 [Ev.
1656 2308 1728 2348 sec.
1761 2306 1917 2359 Ioann.,

552 2386 610 2424 1x,
627 2373 689 2427 7];
710 2372 805 2412 fecit
824 2372 946 2411 etiam
966 2385 1109 2421 caecus,
1130 2371 1238 2424 quod
1260 2369 1327 2409 fibi
1351 2369 1627 2422 imperaverat,
1647 2368 1744 2407 abiit
1763 2366 1801 2407 &
1821 2367 1919 2407 lavit

554 2433 591 2473 &
612 2432 713 2472 vidit
735 2431 773 2471 &
793 2430 965 2470 credidit
985 2429 1093 2470 Deo.
1119 2446 1133 2464 »

601 2519 732 2562 [Vitas.
748 2518 891 2561 Petronij
906 2530 948 2551 ex
959 2518 1111 2552 Chronico
1125 2517 1348 2550 monachorum
1362 2519 1391 2548 S.
1407 2515 1557 2560 Stephani
1568 2516 1679 2548 Bonan.
1693 2515 1786 2558 (ante
1800 2526 1811 2545 1
1822 2525 1834 2545 1
1844 2513 1917 2557 80),

552 2584 582 2606 c.
606 2587 624 2606 2
657 2571 744 2614 (AA.
773 2573 826 2603 SS.
853 2571 941 2612 Boll.,
973 2571 1110 2603 Offlobr.
1139 2571 1180 2611 ΙΙ,
1210 2581 1276 2611 459
1296 2569 1326 2600 δι
1346 2567 1614 2601 Giovambatista
1637 2566 1789 2608 Melloni,
1816 2566 1884 2599 Atti
1902 2578 1917 2599 o

552 2624 698 2659 memorie
709 2623 819 2666 disan
833 2623 986 2664 Petronio,
1004 2623 1149 2665 vescovo
1162 2622 1198 2654 di
1210 2620 1360 2665 Bologna,
1380 2621 1544 2665 Bologna‚
1563 2623 1662 2660 1784,
1681 2620 1764 2660 iri-4,
1775 2631 1805 2663 p.
1824 2620 1916 2660 144).

552 2680 639 2712 Idem
669 2680 721 2721 (p.
741 2679 775 2718 6,
805 2688 837 2709 n.
860 2688 878 2708 2
901 2677 936 2708 δέ
952 2682 1006 2720 pp.
1028 2677 1101 2717 7-9)
1132 2674 1242 2708 multos
1276 2674 1415 2717 recenset
1431 2673 1509 2716 saec.
1532 2674 1599 2706 XV
1617 2674 1752 2706 &XVI
1772 2674 1916 2706 aublores

553 2729 662 2774 quide
681 2728 822 2762 Petronio
847 2727 940 2762 loculi
958 2727 1048 2770 sunt.
1082 2727 1190 2761 Vitam
1209 2726 1340 2770 insuper
1360 2725 1473 2768 funali
1496 2725 1573 2758 viri
1604 2724 1736 2768 reperiit
1766 2723 1798 2756 in
1815 2723 1918 2757 codice
