2131 3552
582 196 643 244 ⁶⁶
1196 200 1334 266 (373)

673 358 716 399 [S.
741 357 981 405 HieronymuS‚
1008 358 1142 403 Epistola
1168 360 1280 401 XXII,
1305 361 1354 393 ad
1371 359 1567 401 Eustochium
1584 360 1731 405 (Migne,
1759 363 1849 395 Patr.
1875 362 1945 404 lat„

579 410 694 449 XXII,
708 421 738 444 c.
757 415 834 453 398,
847 412 951 455 416);
970 412 1011 445 cf.
1031 412 1165 457 Epistola
1178 415 1254 453 XV,
1271 414 1320 446 ad
1331 412 1511 456 Damasum
1523 419 1646 457 papam
1659 413 1774 457 (ibid„
1786 426 1816 448 c.
1833 416 1943 460 356).]

634 508 649 526 «
677 490 728 530 Et
748 506 799 531 ne
833 493 937 532 forte
972 492 1190 533 obscuritas
1221 493 1315 544 loci,
1344 494 1382 533 in
1404 508 1486 547 quo
1508 494 1626 547 dego,
1659 493 1770 534 fallat
1789 495 1944 536 baiulos

578 548 814 601 litterarum,
850 551 897 590 ad
921 550 1141 605 Evagrium
1177 552 1466 606 presbyterum,
1499 566 1620 605 quem
1653 553 1807 606 optime
1827 554 1944 606 nosti,

578 608 742 662 dignare
765 610 905 662 scripta
926 609 1202 651 transmittere.
1227 628 1242 647 »

671 687 718 732 [S.
743 689 983 734 Hieronymus,
1000 688 1135 733 Epzstola
1152 691 1230 731 XV,
1258 691 1307 722 ad
1321 689 1504 733 Damasum
1519 694 1640 733 papam
1668 689 1823 735 (Migne,
1849 692 1940 727 Patr.

576 740 649 783 lat„
667 753 696 774 c.
718 742 795 783 XII,
825 753 851 774 c.
882 752 896 782 3
905 743 980 785 58),
1012 740 1051 774 cf.
1080 742 1215 786 Epistola
1233 745 1276 784 V,
1304 745 1352 776 ad
1370 742 1563 777 Florentium
1581 742 1733 789 (Migne,
1763 745 1853 778 Patr.
1873 744 1945 787 lat„

576 795 688 836 XXII,
704 806 731 828 c.
753 794 862 839 337)·]

389 892 428 920 a.
465 887 551 939 373
575 882 852 926 AMMONIUS
876 886 1087 926 monachus
1110 882 1149 926 6³
1173 883 1425 930 SILVANUS.
1463 892 1542 938 (59)

670 964 903 1005 [Ammonius,
932 965 980 997 De
1003 964 1201 1008 marfyribus
1224 964 1385 998 Sinaiticis
1407 965 1610 1009 (Combefis,
1631 965 1804 1010 Illustrium
1827 963 1945 1008 Cbrzsti

574 1022 753 1059 martyrum
763 1015 835 1050 ledi
846 1016 1013 1060 triumphi,
1032 1016 1130 1050 Paris
1128 1042 1147 1059 .,
1169 1020 1267 1059 1660,
1282 1017 1369 1059 in-8,
1386 1030 1418 1062 p.
1437 1018 1519 1063 88);
1539 1020 1752 1061 SozomenuS‚
1767 1017 1844 1061 Hist.
1857 1017 1943 1058 eccl„

572 1069 591 1101 l.
614 1071 651 1110 V,
669 1079 698 1102 c.
717 1072 758 1101 28
780 1069 933 1114 (Migne,
956 1071 1043 1103 Patr.
1056 1081 1126 1114 gr„
1145 1070 1282 1113 LXVH,
1299 1082 1327 1104 c.
1353 1071 1487 1115 1392).]

620 1134 690 1175 (Cf.
710 1133 834 1167 Itinera
849 1146 975 1178 graeca,
993 1136 1037 1177 1.)

393 1244 427 1273 c.
460 1240 545 1292 373
572 1223 925 1282 Ammonius
956 1223 1296 1283 monachus.
1316 1247 1397 1288 (xvj)

625 1315 747 1368 [Λόγος
765 1320 838 1366 περί
857 1319 921 1355 τῶν
942 1316 1175 1365 ἀναιρεθέντων
1195 1319 1260 1356 ὑπό
1281 1320 1345 1356 τῶν
1368 1318 1542 1365 Βαρξάρων
1571 1317 1598 1356 ’ἐν
1616 1320 1664 1367 τῷ
1682 1318 1768 1357 End
1795 1316 1863 1365 ἕρει,
1881 1321 1941 1356 καὶ

568 1377 596 1414 ἓν
613 1378 657 1425 τῇ
672 1379 790 1415 Ροιιθοῧ
807 1379 915 1420 οἰγίων
929 1379 1086 1425 πατέρων.
1110 1377 1314 1421 (combefis,
1337 1377 1508 1422 Illustrium
1529 1377 1648 1420 Chrffli
1672 1385 1852 1422 mat-gyrum
1868 1376 1942 1412 lec‘li

569 1430 736 1473 triumphi,
753 1442 786 1474 p.
813 1430 984 1475 88-132).]

458 1530 542 1582 373
568 1524 811 1569 MELANIA
837 1536 1010 1570 MAIOR
1035 1524 1074 1568 ἃ
1101 1524 1313 1571 RUFINUS
1336 1525 1621 1588 aquileienfis.
1649 1533 1729 1578 (⁶0)

625 1620 640 1640 c<
673 1603 727 1644 Et
761 1605 856 1658 quia
889 1605 1007 1645 frater
1043 1605 1230 1657 Rufinus,
1269 1606 1337 1659 qui
1372 1619 1466 1645 cum
1503 1605 1631 1646 Γειηᾶὶε
1672 1604 1857 1646 Melania
1889 1605 1938 1645 ab

568 1662 718 1716 AEgypto
740 1662 1001 1720 lerosolymam
1021 1663 1168 1705 venisse
1187 1674 1383 1716 narratur,
1400 1664 1606 1705 individua
1620 1664 1719 1704 mihi
1735 1663 1938 1718 germani-

568 1721 659 1761 tatis
679 1722 844 1763 caritate
870 1737 1078 1765 connexus
1108 1723 1175 1775 est,
1201 1724 1334 1778 quaeso
1368 1733 1413 1763 ut
1440 1723 1650 1777 epistolam
1683 1737 1816 1764 meam
1842 1722 1939 1764 huic

568 1780 749 1833 epistolae
770 1792 847 1823 tuae
868 1782 1114 1836 copulatam,
1133 1783 1167 1823 ei
1190 1783 1357 1823 reddere
1376 1797 1458 1823 non
1479 1782 1691 1837 graveris...
1707 1799 1723 1819 a>

661 1865 705 1907 [S.
720 1864 959 1911 Hieronymus,
975 1865 1111 1910 Epzstola
1125 1866 1184 1907 IV,
1198 1867 1246 1900 ad
1257 1865 1449 1900 Florentium
1461 1865 1614 1910 (Migne,
1638 1867 1727 1899 Patr.
1743 1864 1813 1907 lat,
1826 1866 1938 1905 XXII,

564 1927 593 1948 <³-
619 1918 727 1961 332)-]

614 2015 627 2034 «
643 1997 787 2038 saneta
796 1998 993 2049 Melania,
1001 1999 1122 2039 nostri
1137 1999 1329 2052 temporis
1341 1998 1445 2039 inter
1455 1997 1702 2039 Christianos
1712 2012 1807 2038 vera
1818 1998 1936 2038 nobi-

567 2057 654 2096 litas
686 2057 793 2109 (cum
829 2073 907 2111 qua
938 2058 1009 2097 tibi
1032 2057 1240 2098 Dominus
1274 2058 1455 2112 mihique
1483 2057 1681 2097 concedat
1711 2057 1749 2097 in
1779 2057 1844 2097 die
1871 2056 1938 2098 sua

566 2115 713 2155 habere
730 2122 912 2169 partem),
928 2115 1085 2156 calente
1101 2116 1232 2156 adhuc
1249 2115 1489 2169 corpusculo
1506 2114 1544 2156 &
1560 2115 1735 2157 necdum
1755 2117 1936 2167 humato,

567 2174 667 2215 duos
689 2173 802 2213 fimul
835 2175 1010 2228 perdidit
1036 2173 1153 2215 filios.
1186 2174 1292 2215 Rem
1322 2174 1405 2213 sum
1434 2175 1614 2216 dieturus
1644 2173 1937 2225 incredibilem,

565 2232 642 2284 sed,
670 2233 765 2273 teste
786 2233 962 2284 Christo,
982 2248 1065 2273 non
1087 2232 1232 2273 falsam.
1268 2232 1377 2289 Quis
1407 2233 1518 2273 illam
1539 2244 1636 2274 tunc
1664 2248 1747 2274 non
1777 2243 1936 2287 putaret

566 2306 677 2332 more
712 2292 975 2346 lymphatico,
1009 2292 1143 2346 sparsis
1173 2292 1362 2343 crinibus,
1391 2292 1495 2332 veste
1524 2291 1725 2344 conscissa,
1758 2291 1934 2332 lacerum

566 2351 705 2403 pectus
736 2350 945 2391 invadere?
984 2351 1194 2405 Lacrymae
1222 2361 1336 2405 gutta
1364 2366 1446 2391 non
1475 2351 1615 2402 fluxit3
1648 2351 1754 2391 stetit
1787 2351 1935 2391 immo-

565 2409 669 2460 bilis,
690 2409 728 2449 &
748 2410 795 2449 ad
819 2410 940 2463 pedes
962 2409 1152 2449 advoluta
1173 2409 1337 2460 Christi,
1365 2409 1471 2464 quafi
1492 2423 1585 2449 eum
1607 2419 1775 2461 teneret,
1794 2408 1934 2450 arrifit.

564 2467 818 2521 Expeditius,
845 2469 990 2522 inquit,
1017 2469 1087 2509 tibi
1117 2468 1308 2508 servitura
1334 2468 1432 2519 sum,
1466 2467 1663 2519 Domine,
1692 2469 1787 2522 quia
1820 2479 1932 2509 tanto

565 2541 629 2566 me
659 2542 783 2567 onere
813 2527 994 2568 liberasti.
1031 2527 1106 2568 Sed
1130 2526 1288 2568 forfitan
1319 2527 1524 2581 superatur
1551 2528 1591 2568 in
1611 2528 1775 2569 caeteris.
1814 2526 1930 2584 Quin

564 2586 646 2625 imo
680 2601 758 2640 qua
779 2585 868 2627 illos
889 2597 1024 2626 mente
1045 2586 1344 2640 contempserit,
1366 2587 1405 2626 in
1426 2587 1548 2627 unico
1570 2585 1705 2640 postea
1731 2585 1815 2626 filio
1837 2600 1932 2640 pro-

564 2645 642 2695 bat,
674 2646 738 2685 cui
762 2646 873 2685 omni
904 2659 1025 2699 quam
1045 2645 1218 2686 habebat
1240 2644 1474 2698 poffeffione
1495 2643 1691 2697 concessa,
1720 2644 1933 2699 ingruente

563 2704 641 2743 iam
679 2705 826 2754 hieme,
848 2704 1106 2759 lerosolymam
1127 2704 1341 2759 navigavit.
1367 2720 1382 2740 »
