2131 3552
579 240 669 290 242
1132 223 1390 291 (575-577>

575 381 678 423 Apr.,
694 381 740 422 II,
757 392 811 424 pp.
829 383 998 424 850-8543
1017 380 1222 422 FabrIcium,
1243 380 1441 414 Bibliotheca
1452 392 1579 425 graeca,
1598 388 1620 413 t.
1646 382 1690 421 X,
1708 392 1764 424 pp.
1785 391 1846 422 571
1868 381 1898 414 &
1920 381 1955 421 s.,

575 433 626 466 ed.
657 433 806 476 Harleslj3
840 435 886 466 U.
913 433 1099 474 Chevalier,
1126 435 1253 478 Repert.
1281 436 1335 468 des
1353 434 1486 477 sources
1511 434 1614 477 histor.
1640 435 1684 466 du
1714 445 1755 466 m.
1778 434 1860 477 age,
1891 433 1956 467 bio-

575 486 825 530 bibliograpbie,
843 498 874 530 p.
898 499 972 526 107.
999 491 1084 530 Qos
1111 498 1232 519 errare
1254 499 1297 520 ex
1321 487 1417 529 infla
1441 489 1482 520 de
1504 493 1640 531 tempore
1662 488 1774 520 mortis
1799 487 1959 531 Anastafij

574 540 671 583 nostri
681 540 838 583 dicendis,
854 541 1056 584 manifestum
1069 541 1254 584 apparebit.
1268 543 1398 574 Incerta
1411 541 1499 574 illius
1510 541 1640 585 patria.
1655 540 1958 585 Palaestinumfuiffe

575 593 654 626 vult
672 594 842 626 Fabricius
863 594 983 636 (ibid.)‚
996 595 1064 636 sed
1085 606 1143 638 quo
1152 593 1267 636 fretus
1296 594 1461 636 testimonio
1485 595 1682 638 ignoramus.
1706 595 1757 627 Ex
1780 594 1959 638 Menologij

564 647 760 691 supradibli
775 648 896 681 verbis
910 648 1093 681 coniicimus
1109 648 1201 681 illum
1217 649 1285 682 iam
1303 660 1320 681 e
1333 650 1506 682 iuventute
1523 647 1682 690 exceffffe,
1698 659 1805 692 quum,
1819 648 1958 691 vifitata

575 700 806 744 Hierosolyma,
823 708 953 733 montem
971 701 1084 733 Sinam
1102 701 1196 734 adiit.
1218 701 1334 744 Obiiffe
1351 701 1492 734 videtur
1504 701 1569 744 post
1586 713 1707 733 annum
1725 704 1767 734 62
1774 713 1808 744 53
1825 701 1859 734 in
1875 700 1958 735 libro

574 754 657 786 enim
665 754 738 797 suo,
756 754 809 787 cui
826 753 935 787 titulus
951 752 1103 801 ‘OBn'yogy
1123 754 1161 787 id
1181 755 1224 798 est
1241 756 1313 789 Viae
1333 755 1412 797 dux,
1432 757 1472 787 de
1496 755 1648 796 Iohanne,
1672 754 1958 797 ‘Theodostanorum

574 807 608 840 in
628 807 837 840 Alexandria
850 808 1064 851 patriarcba,
1085 808 1224 852 loquitur
1241 808 1348 841 dicens
1363 824 1371 841 .·
1389 822 1400 838 α
1419 808 1584 841 Iohannes
1603 807 1775 852 episcopus
1793 807 1957 840 Theodo-

579 874 590 890 α
615 860 777 893 sxanorum
797 869 873 893 ante
893 861 1156 905 quinquennium
1178 861 1208 893 in
1235 861 1366 894 duabus
1391 861 1595 894 heortasticis
1625 861 1677 893 seu
1703 860 1789 893 festis
1816 860 1956 904 epistolis

579 927 591 944 ι
617 913 734 946 effudit
763 914 848 947 hanc
876 926 1039 948 vocem....
1062 929 1074 945 »ι
1099 914 1253 958 (Migne,
1277 916 1367 948 Patr.
1390 926 1461 958 gr„
1489 915 1684 954 LXXXIX,
1708 926 1736 947 c.
1764 914 1861 957 257).
1891 914 1960 958 Qi

574 967 730 1000 Iohannes
748 979 831 1000 anno
861 971 927 1000 620
944 967 1214 1011 patriarchatum
1242 967 1316 1000 iniit
1340 966 1408 1009 (Cf.
1440 967 1601 1011 Lequien,
1626 967 1743 1000 Oriens
1769 967 1889 1009 christ,
1911 969 1958 1008 ΙΙ,

574 1031 602 1053 c.
624 1020 722 1062 447).
744 1021 858 1062 Errat,
880 1028 915 1054 ut
925 1021 1089 1064 suspicor,
1119 1021 1290 1054 Fabricius
1309 1021 1422 1065 (ibid.)
1441 1033 1537 1065 quum
1563 1020 1654 1054 dicat
1673 1020 1881 1064 Anastafium‚
1902 1020 1958 1054 hoc

574 1073 675 1117 operis
685 1073 745 1116 sui
757 1073 829 1115 loco,
848 1076 888 1106 de
904 1075 1046 1107 Iohanne
1061 1075 1097 1115 V,
1109 1074 1348 1117 Alexandrino,
1367 1073 1501 1107 locutum
1519 1074 1584 1117 effe,
1596 1073 1652 1118 qui
1668 1075 1711 1106 ab
1729 1086 1812 1107 anno
1830 1077 1894 1114 677
1910 1075 1959 1107 ad

575 1139 696 1159 annum
730 1130 794 1160 686
823 1128 1030 1170 patriarcha»
1057 1140 1171 1160 munus
1196 1128 1292 1171 geffit.
1323 1126 1479 1171 Scripfiffe
1501 1127 1584 1160 enim
1603 1126 1742 1160 videtur
1762 1127 1958 1171 Anastaſsus,

574 1180 669 1212 haud
685 1179 817 1212 multum
828 1180 896 1223 poll
917 1186 1036 1224 tempus
1061 1179 1202 1224 Eulogij,
1231 1180 1458 1213 Alexandrini
1483 1179 1686 1223 patriarchae
1712 1178 1782 1222 (Cf.
1805 1178 1956 1227 Ὀδιίγος,

575 1244 605 1265 c.
632 1245 688 1275 103
708 1245 760 1276 ap.
784 1233 918 1277 Migne,
938 1234 1031 1266 Patr.
1047 1245 1116 1277 gr„
1134 1234 1331 1274 LXXXIX,
1344 1245 1371 1266 c.
1395 1233 1491 1278 183),
1509 1233 1565 1278 qui
1581 1245 1664 1266 anno
1683 1236 1748 1266 608
1768 1233 1867 1276 obiit.]

625 1291 699 1334 (Cf.
720 1291 845 1324 Itinera
857 1303 984 1335 graeca,
1001 1292 1047 1336 Ι.)

398 1397 432 1426 c.
465 1392 552 1443 575
577 1386 830 1442 *IOANNES,
858 1391 1092 1432 anachoreta
1115 1395 1215 1439 (385)

671 1467 752 1508 [Ioh.
776 1467 948 1509 Moschus,
966 1467 1055 1500 Prat.
1065 1466 1259 1510 spirituale,
1277 1478 1305 1499 c.
1325 1470 1389 1499 180
1413 1467 1593 1512 (Ducaeus‚
1610 1467 1758 1502 Biblioth.
1774 1475 1843 1502 vet.
1853 1474 1956 1513 patr„

574 1521 619 1562 II,
638 1531 669 1564 p.
694 1519 828 1565 1135).]

625 1578 700 1621 (Cf.
721 1578 845 1612 Itinera
860 1590 986 1623 ἔνατα,
1004 1579 1051 1622 Ι.)

401 1687 435 1716 c.
466 1681 554 1733 575
575 1669 848 1717 PROCOPIUS
860 1673 1143 1734 scholasticus,
1173 1675 1520 1732 Porphyreonites.
1541 1675 1642 1721 (386)

670 1749 757 1794 [Ioh.
779 1751 955 1793 Moschus,
969 1752 1058 1784 Prat.
1066 1750 1258 1795 spirituale,
1277 1762 1304 1784 c.
1323 1763 1383 1792 131
1407 1752 1581 1793 (Dueaeus,
1599 1749 1748 1784 Biblioth.
1763 1758 1834 1784 vet.
1852 1756 1956 1794 patr„

574 1804 621 1845 II,
641 1815 673 1847 p.
701 1803 828 1848 1114).]

624 1862 699 1907 (Cf.
719 1863 845 1897 Itinera
859 1875 986 1907 graeca,
1007 1864 1052 1909 Ι.)

398 1965 435 1993 c.
469 1958 552 2010 575
577 1949 776 1996 MULIER
799 1953 1209 2012 quoedamsenatoria.
1238 1959 1342 2003 (387)

671 2029 755 2072 [Ioh.
778 2029 952 2071 Moschus,
972 2028 1263 2073 Prat.spirituale,
1276 2040 1305 2062 c.
1320 2031 1387 2062 206
1404 2029 1584 2073 (Ducaeus,
1603 2027 1754 2062 Biblioth.
1770 2034 1840 2061 vet.
1851 2033 1958 2071 patr.,

575 2083 619 2124 II,
640 2094 671 2127 p.
696 2083 830 2127 1157).]

625 2145 700 2188 (Cf.
719 2145 846 2179 Itinera
858 2156 985 2189 graeca,
1003 2145 1047 2190 Ι.)

397 2255 433 2284 e.
468 2249 556 2301 575
578 2239 778 2284 MULIER
802 2241 977 2298 quoedam
1005 2241 1241 2284 Sarracena.
1281 2249 1383 2290 (388)

673 2324 762 2369 [Iob.
799 2324 973 2366 Moschus,
1001 2325 1092 2357 Prat.
1111 2323 1305 2368 spirituale,
1332 2335 1362 2357 c.
1395 2325 1457 2364 136
1491 2322 1671 2366 (Ducaeus,
1703 2321 1850 2356 Biblioth.
1883 2328 1953 2355 vet.

574 2385 678 2422 patr.,
698 2379 742 2420 II,
763 2390 796 2422 p.
821 2377 953 2422 1116).]

627 2440 697 2483 (Cf.
717 2441 842 2474 Itinera
856 2452 984 2484 graeca,
1001 2439 1047 2484 Ι.)

473 2555 560 2603 577
578 2541 909 2586 VUINNOCHUS
922 2543 996 2601 seu
1019 2540 1336 2585 VUANOCHUS
1361 2542 1492 2584 fBrizo.
1521 2547 1625 2591 (389)

637 2645 652 2664 α
668 2627 795 2667 Tunc
810 2628 1084 2667 Vuinnochus
1096 2627 1208 2666 Brito
1225 2628 1264 2666 in
1281 2626 1433 2666 summa
1445 2626 1682 2666 abstinenda
1697 2640 1718 2665 a
1731 2625 1955 2676 Britanniis,

579 2687 690 2726 venit
714 2685 889 2738 Turonis,
915 2686 1215 2744 Hierosolymam
1250 2686 1441 2725 accedere
1461 2687 1643 2738 cupiens,
1663 2684 1821 2724 nullum
1846 2683 1952 2724 aliud

580 2746 862 2785 vestimentum
896 2744 968 2785 nist
1004 2747 1052 2784 de
1088 2744 1260 2798 pellibus
1295 2745 1434 2784 ovium
1466 2744 1555 2784 lana
1589 2744 1751 2797 privatis
1783 2743 1954 2792 habens;
