2131 3552
602 213 664 261 62
899 265 902 268 Α
1135 211 1402 278 (356-362)

601 371 664 415 res.
692 373 794 404 XXX
813 370 966 415 (Migne,
996 371 1087 403 Patr.
1105 381 1179 413 gr.,
1205 370 1330 410 XLIH,
1349 381 1377 403 c.
1405 371 1504 412 226);
1522 369 1772 415 Theodoretus,
1791 372 1868 416 Htst.
1887 373 1973 415 eccl.,

601 425 623 458 l.
642 426 684 467 ΙΙ,
703 436 730 458 c.
749 437 788 458 12
813 423 966 468 (Migne,
984 424 1072 456 Patr.
1085 434 1152 466 gr.‚
1180 423 1356 464 LXXXII,
1386 434 1413 456 c.
1446 424 1560 465 1030),
1583 424 1614 456 δε
1637 423 1763 457 Itinera
1779 435 1906 468 gaesa,
1922 425 1971 470 Ι.)

494 500 585 564 356
602 507 760 552 SYRUS
785 507 989 560 diaconus,
1017 506 1062 549 ὃς
1083 503 1437 550 VICTORIANUS
1462 509 1662 566 exorcista.
1692 510 1774 555 (52)

659 608 686 637 <r
701 591 776 631 His
796 605 890 645 ergo
912 592 1008 631 dum
1024 592 1276 631 afficeremur
1291 589 1669 643 cogitationibus,&
1687 605 1853 630 omnem
1873 605 1972 631 con-

603 649 840 689 solationem
860 652 1039 700 fratrum,
1061 650 1128 703 qui
1159 649 1206 688 ad
1229 663 1302 688 nos
1322 662 1371 688 ex
1390 648 1550 689 diverfis
1571 649 1786 689 veniebant
1808 650 1973 702 provin—

603 709 688 759 ciis,
719 708 766 748 ad
798 708 982 748 dolorem
1008 708 1134 761 magis
1165 706 1347 746 absentiae
1376 705 1524 757 vestrae,
1555 721 1676 760 quam
1708 708 1755 746 ad
1793 707 1973 748 laetitiam

603 778 860 818 verteremus,
879 768 957 806 hoc
980 766 1161 819 praestare
1183 765 1368 818 dignatus
1389 764 1444 804 est
1461 763 1682 815 Dominus,
1698 777 1741 806 ut
1757 767 1810 817 id,
1826 767 1875 806 de
1892 781 1973 820 quo

604 840 713 865 eram
742 825 933 876 solicitus,
953 839 1034 864 non
1068 824 1194 864 solum
1224 823 1367 863 litteris
1397 821 1631 864 sinceritatis
1664 825 1813 875 vestrae,
1843 825 1905 865 sed
1937 825 1975 865 ὅτ

605 884 808 938 praesentia
847 898 1033 924 carorum
1068 882 1310 932 nostrorum,
1348 882 1435 935 Syri
1473 883 1631 922 diaconi
1668 883 1706 923 &
1744 884 1973 924 vietoriani

604 943 824 992 exorcistae,
844 942 1087 996 cognoscere
1109 941 1325 994 potuerim.
1353 957 1368 977 »

700 1022 741 1063 [S.
765 1020 938 1062 Eusebius,
962 1018 1173 1053 Vercellenfis
1194 1018 1303 1062 episc.,
1321 1026 1399 1051 tunc
1418 1018 1449 1050 in
1471 1018 1646 1052 Palaestina
1666 1019 1750 1062 exul,
1778 1019 1914 1064 Epistola
1929 1022 1978 1054 ad

603 1073 797 1118 pressyyteros
820 1073 985 1117 &plebem
998 1071 1103 1106 Italiae
1123 1071 1276 1116 (Migne,
1295 1073 1384 1104 Patr.
1399 1071 1473 1113 lat.,
1493 1073 1572 1113 XII,
1593 1083 1625 1105 c.
1648 1073 1752 1114 947).]

609 1163 685 1202 358,
709 1162 785 1200 360,
808 1161 883 1199 362,
903 1159 1083 1192 CONCILIA
1101 1157 1368 1190 ANTIOCHENA.

794 1216 930 1260 [Mans1‚
952 1215 1105 1256 Camilia,
1122 1216 1182 1257 III,
1199 1226 1230 1248 c.
1256 1216 1347 1258 265]

431 1326 465 1354 ς,
493 1306 584 1371 360
606 1300 686 1346 *³⁸S.
720 1300 996 1357 URSICINUS,
1041 1301 1245 1360 episcopus
1278 1300 1522 1359 Senonenfis,
1564 1303 1604 1342 in
1645 1302 1863 1358 Phrygiam
1891 1317 1975 1343 cum

593 1374 635 1432 s.
659 1373 824 1416 Hilario
847 1371 1061 1430 exsulatus.
1086 1376 1165 1421 (53)

662 1480 677 1499 «
695 1463 734 1502 A
755 1461 994 1503 Constantio
1012 1460 1195 1514 Augusto
1222 1471 1317 1500 tunc
1344 1461 1567 1514 imperante
1591 1461 1875 1500 haereticorum
1893 1475 1978 1501 ma-

606 1521 872 1562 chinamentis
894 1520 1213 1572 obtemperante,
1229 1517 1348 1560 iuffus
1369 1518 1424 1559 est
1444 1534 1538 1559 cum
1560 1519 1742 1572 pluribus
1765 1519 1850 1559 aliis
1872 1521 1976 1573 apud

609 1581 814 1634 Phrygiam
837 1579 959 1619 exilio
980 1579 1161 1632 relegari.
1196 1578 1364 1619 Sanffiffls
1385 1593 1482 1618 vero
1504 1577 1711 1619 Ursicinus
1740 1578 1827 1631 post
1846 1578 1979 1632 aliqua

607 1639 791 1679 laborum
811 1639 955 1678 itinera
971 1637 1229 1695 lerosolymam
1250 1637 1347 1676 adiit
1368 1637 1415 1676 ad
1435 1638 1655 1693 sepulcrum
1681 1636 1823 1677 sanetae
1851 1637 1979 1676 resur-

608 1698 800 1739 rectionis
818 1696 991 1737 Domini
1011 1695 1133 1735 nostri
1153 1694 1238 1735 Iesu
1257 1695 1402 1736 Christi
1425 1694 1607 1736 visitandi
1624 1696 1763 1749 gratia.
1788 1695 1978 1750 Cumque

609 1771 732 1810 parvo
755 1756 947 1809 temporis
975 1755 1079 1808 apud
1102 1754 1336 1808 episcopum
1367 1755 1669 1810 lerosolymorum
1702 1765 1978 1794 commoratus

608 1814 749 1866 fuisset,
782 1815 896 1868 petiit
929 1815 977 1854 ab
1012 1813 1094 1866 ipso
1130 1813 1318 1868 reliquias
1355 1811 1394 1853 ff.
1415 1812 1719 1864 Innocentium,
1749 1813 1787 1853 &
1815 1813 1978 1853 recessit.

607 1874 708 1914 lnde
734 1872 953 1930 Caesaream
984 1872 1259 1925 Cappadociae
1289 1873 1467 1922 veniens,
1502 1887 1523 1912 a
1551 1872 1574 1912 s.
1610 1870 1755 1911 Bafilio
1788 1871 1979 1926 pontifice

609 1934 724 1987 petiit
755 1934 804 1972 de
833 1932 1014 1985 reliquiis
1048 1932 1151 1971 beati
1177 1931 1374 1971 Mamerti
1407 1932 1606 1984 martyris.
1641 1929 1782 1970 Postea
1817 1931 1980 1971 devenit

610 1992 945 2045 Constantinopolim
984 1991 1021 2030 &
1062 1992 1208 2030 iterum
1238 1991 1349 2030 venit
1392 1990 1496 2042 apud
1546 1990 1763 2043 Phrygiam.
1803 1989 1978 2030 Mortuo

610 2050 805 2105 fiquidem
827 2049 1078 2100 Constantio,
1099 2047 1332 2089 Iovinianus
1354 2048 1600 2102 subsequitur
1621 2049 1660 2087 in
1683 2049 1880 2102 imperio3
1910 2049 1978 2102 qui

609 2111 661 2150 ob
692 2123 870 2150 amorem
903 2108 1137 2149 Christianae
1171 2107 1282 2161 legis,
1316 2109 1512 2147 continuo
1553 2108 1646 2147 fecit
1684 2107 1787 2160 ipsos
1825 2107 1978 2146 san&os

608 2169 728 2210 exilio
762 2169 960 2222 relegatos
980 2169 1174 2217 revocari,
1202 2166 1442 2220 veniensque
1470 2167 1608 2206 beatus
1634 2164 1839 2206 Ursicinus
1871 2165 1977 2205 Seno-

607 2244 685 2279 nas,
714 2229 754 2267 in
784 2227 871 2266 sede
910 2225 1126 2279 episcopali
1157 2225 1376 2278 susceptus,
1411 2224 1559 2265 multos
1589 2239 1683 2264 cum
1713 2239 1811 2278 pace
1844 2224 1979 2277 postea

607 2298 708 2327 vix1t
730 2300 869 2326 annos.
896 2302 910 2321 »

703 2369 859 2412 [Officium
874 2369 906 2412 s
932 2368 1076 2410 Ursicini,
1103 2368 1123 2401 l.
1148 2380 1206 2408 2·-3
1238 2368 1325 2411 (AA.
1346 2369 1397 2401 SS.
1419 2367 1508 2410 Bou„
1539 2381 1582 2408 24
1601 2368 1677 2410 Iul„
1700 2370 1739 2408 V,
1759 2378 1787 2410 p.
1810 2366 1893 2410 546)
1909 2382 1917 2407 ς
1935 2364 1976 2398 cf.

609 2422 698 2456 Gall.
719 2422 838 2465 christ„
858 2423 937 2463 XII,
955 2433 987 2466 p.
1011 2421 1060 2465 5.]

498 2521 588 2584 362
608 2514 648 2558 S.
675 2512 1012 2557 PHILORoMus.
1048 2522 1128 2566 (54)

704 2594 894 2637 [Palladius‚
918 2593 993 2637 Hist.
1008 2593 1176 2636 Laustasa,
1186 2570 1212 2626 c.
1228 2605 1239 2624 1
1251 2604 1288 2634 13
1303 2592 1451 2637 (Migne,
1466 2595 1625 2636 Patr.gr.,
1637 2591 1798 2634 XXXIV,
1811 2603 1858 2624 cc.
1875 2593 1979 2624 1216-

616 2652 699 2681 1218
725 2649 743 2689 .]

660 2650 728 2755 (Cic.
749 2711 872 2745 Itinera
885 2722 1011 2754 graeca,
1027 2711 1065 2752 Ι.)
