2131 3552
772 241 949 338 (35⁹0),
1145 336 1156 339 ᾖ
1475 261 1532 312 57

0 401 23 431 ³·
51 397 109 449 35
115 401 144 432 0
168 401 419 446 IOHANNES
444 404 489 445 de
513 405 621 461 Lyco.
639 406 718 449 (50)

261 488 454 530 [Palladius,
471 488 547 532 Hist.
563 489 730 532 Laustaca,
743 500 773 522 c.
788 500 829 529 43
845 489 997 533 (Migne,
1016 491 1182 534 Patr.gr.,
1194 492 1359 532 XXXIV,
1371 502 1417 524 cc.
1436 504 1468 524 11
1481 504 1491 523 ι
1503 506 1535 535 5—

172 553 183 572 1
196 553 207 573 ι
219 552 230 572 1
241 544 257 572 8
277 567 282 572 .

219 542 297 642 (C)f.]
313 600 438 633 Itinera
450 611 575 643 graeca,
599 601 637 642 Ι.)

174 691 341 724 350-352.
370 681 491 713 Iunffl
512 691 548 713 ιΝ
570 680 795 714 PALAEsrmA
815 691 1091 715 REBELLANTUR.

405 739 579 781 [Aurelius
599 741 723 782 Victor,
753 742 803 774 De
834 741 1030 784 Cesaribus,
1059 753 1086 774 c.
1116 755 1159 783 42
1185 741 1254 782 (ed.
1288 741 1539 786 Schoenberger,

354 790 494 833 Vienne,
519 795 618 834 1816,
636 805 666 837 p.
690 795 789 837 144),-
820 794 841 826 s.
867 794 1103 839 Hieronymus,
1135 794 1264 836 Chron,
1292 794 1309 827 l.
1330 796 1361 827 11
1384 795 1536 839 (Migne,

356 844 450 877 Patr.
462 844 531 941 leiti,
540 846 686 886 XXVII,
699 857 747 879 cc.
760 847 938 890 50¹·502)3
948 847 1295 892 EutychiuS‚Annales
1305 850 1356 890 (tr.
1367 848 1538 890 Pococke,

352 908 387 941 p.
407 900 474 939 466
499 923 505 930 .

0 1012 24 1040 :.
55 1006 147 1058 350
170 983 535 1065 Sophronius
566 1004 802 1066 graecus.
834 1003 915 1046 (xij)

265 1095 409 1140 [Laudes
440 1098 608 1139 Bethleem,
638 1109 720 1143 opus
756 1109 914 1143 graecum,
954 1097 1051 1130 hodie
1081 1096 1304 1141 deperditum,
1335 1109 1351 1129 a
1377 1097 1399 1130 s.
1422 1097 1542 1130 Hiero-

168 1160 272 1194 nymo
293 1149 360 1193 (De
380 1150 472 1183 viris
490 1149 548 1192 ill„
568 1162 596 1184 c.
621 1162 698 1193 134,
715 1163 769 1196 ap.
794 1151 929 1195 Migne,
950 1151 1042 1183 Patr.
1060 1150 1132 1193 lat.,
1152 1150 1264 1191 XXII,
1286 1161 1312 1183 c.
1330 1150 1413 1194 716)
1433 1162 1543 1184 recen—

170 1201 296 1246 fitum.]

3 1297 112 1350 0-35
123 1297 145 1350 3
171 1283 372 1342 Iunior
414 1281 818 1364 philosophus
844 1297 927 1341 (xiij)

227 1410 243 1431 e
269 1393 442 1433 Similiter
463 1393 551 1434 aliae
571 1394 738 1434 civitates
758 1393 931 1433 Ascalon
951 1395 995 1433 ἔθ’
1017 1392 1150 1443 Gaza,
1165 1393 1203 1432 in
1218 1394 1363 1445 negotiis
1382 1395 1541 1434 eminen-

171 1467 220 1498 tes
246 1459 291 1498 &
318 1459 545 1498 abundantes
577 1459 737 1498 omnibus
766 1459 874 1508 bonis,
902 1458 1050 1497 mittunt
1068 1457 1163 1496 omni
1190 1457 1330 1509 regioni
1359 1457 1479 1511 Syriae
1499 1460 1543 1499 ἔθ’

174 1521 343 1576 AEgypti
366 1523 496 1563 vinum
518 1523 700 1577 optimum.
721 1523 920 1576 Neapolis
940 1523 1075 1562 civitas
1089 1519 1255 1577 gloriosa
1280 1524 1323 1562 ἔθ’
1343 1522 1458 1562 valde
1478 1538 1541 1562 no-

176 1584 269 1624 bilis.
290 1585 476 1639 Tripolis
494 1589 538 1628 ἔθ’
559 1587 816 1642 Scythopolis
832 1590 874 1628 ἔθ’
892 1586 1043 1641 Byblus
1064 1587 1108 1626 ἔθ’
1124 1586 1215 1643 ipsae
1235 1586 1401 1626 civitates
1415 1586 1544 1644 indus-

173 1650 310 1706 triosae.
337 1650 584 1704 Heliopolis,
599 1652 760 1692 Libano
775 1653 887 1691 monti
896 1652 1123 1705 proximans,
1138 1651 1259 1690 nutrit
1271 1651 1546 1705 pulcherrimas

174 1714 359 1766 mulieres,
379 1731 470 1768 quas
490 1716 744 1757 Libanitidas
766 1716 968 1771 appellant.
997 1715 1090 1754 Sunt
1114 1716 1247 1754 iterum
1280 1716 1421 1768 optimae
1449 1716 1545 1755 civi-

177 1789 272 1820 tates
293 1781 432 1831 Sidon,
448 1781 626 1834 Sarepta,
642 1780 881 1831 Ptolemais,
900 1779 1228 1834 Eleutheropolis
1247 1782 1290 1821 &
1313 1779 1546 1820 Damascus.

235 1861 251 1880 «
270 1844 462 1898 Quoniam
498 1860 582 1898 ergo
613 1862 655 1885 ex
680 1854 790 1899 parte
798 1845 930 1902 supra
958 1846 1071 1884 diaas
1092 1843 1350 1901 descripsimus
1371 1844 1549 1893 civitates,

180 1909 426 1962 nece-ffurium
446 1909 536 1949 mihi
560 1910 723 1961 videtur,
757 1920 797 1950 ut
819 1910 926 1950 etiam
948 1910 1124 1963 quidnam
1159 1925 1387 1962 unaquaeque
1418 1909 1550 1948 civitas

173 1975 373 2026 proprium
393 1973 530 2014 habeat
546 1984 776 2028 exponamus,
798 1984 839 2014 ut
857 1976 919 2028 qui
936 1974 1023 2027 legit
1047 1983 1186 2014 certam
1213 1989 1342 2013 earum
1352 1973 1548 2029 scientiam

178 2036 314 2078 habere
330 2039 444 2094 pqfflt.
465 2038 722 2093 Scythopolis
743 2040 870 2092 igitur,
892 2039 1102 2090 Laodicia,
1123 2038 1289 2092 Byblus,
1304 2038 1456 2091 Tyrus,
1472 2038 1550 2078 Be-

178 2112 288 2155 rytus
319 2104 416 2143 omni
432 2105 564 2143 mundo
593 2104 783 2144 linteamen
816 2106 1001 2150 emittunt,·
1031 2103 1194 2157 Sarepta
1223 2118 1326 2154 vera,
1358 2102 1550 2152 Caesarea,

177 2166 377 2220 Neapolis
399 2169 443 2207 ἔθ’
472 2168 618 2223 Lydda
645 2179 861 2224 purpuram
884 2171 1094 2223 praestant;
1123 2183 1238 2208 omnes
1266 2177 1384 2208 autem
1402 2167 1551 2221 frueti-

165 2233 275 2286 ferae
296 2234 397 2283 vino,
418 2233 485 2273 oleo
507 2234 551 2272 ἔθ’
564 2234 781 2287 frument03
808 2233 1010 2273 lVicolaum
1036 2248 1126 2272 vero
1151 2232 1366 2287 palmulam
1392 2232 1552 2272 invenies

182 2297 378 2336 abundare
396 2297 434 2336 in
456 2296 662 2337 Palaestina
682 2297 836 2349 regione,
855 2298 892 2336 in
908 2297 980 2336 loco
995 2297 1057 2349 qui
1070 2297 1204 2336 dicitur
1218 2295 1427 2345 Hiericho,
1439 2294 1550 2350 stmi-

180 2361 264 2401 liter
284 2362 328 2400 ἔθ’
362 2360 550 2401 Damasci
581 2362 734 2402 minores
752 2362 957 2416 palmulas,
983 2361 1051 2416 sed
1074 2361 1188 2411 utiles,
1215 2363 1258 2402 ἔθ’
1282 2360 1477 2416 pistacium
1509 2361 1552 2399 ἔθ’

183 2441 281 2465 omne
296 2441 411 2478 genus
425 2436 628 2480 pomorum.

237 2505 253 2525 <4
277 2489 362 2530 Iam
383 2505 479 2530 nunc
499 2490 686 2529 dicendum
707 2491 755 2540 est
783 2489 872 2542 quid
888 2490 994 2530 etiam
1015 2490 1052 2529 in
1069 2490 1115 2545 se
1127 2488 1291 2544 fingulae
1312 2489 1491 2538 civitates,
1513 2489 1554 2527 de

180 2553 312 2605 quibus
331 2554 526 2606 loquimur,
545 2553 706 2594 habeant
722 2554 940 2594 delectabile.
969 2554 1104 2594 Habes
1124 2569 1206 2606 ergo
1234 2553 1498 2593 Antiochiam
1517 2553 1554 2591 in

178 2617 278 2657 ludis
297 2617 518 2674 circensibus
547 2619 768 2669 eminentem,
784 2618 959 2674 stmiliter
985 2621 1029 2660 ἔθ’
1057 2618 1297 2659 Laodiciam
1325 2620 1369 2676 ἔθ’
1394 2617 1555 2671 Tyrum

179 2682 224 2721 ἔθ’
244 2681 441 2736 Berytum
460 2685 504 2723 ἔθ’
527 2682 765 2724 Caesaream.
798 2684 851 2724 Et
867 2683 1065 2724 Laodicia
1097 2684 1208 2723 mittit
1235 2683 1318 2723 aliis
1348 2682 1558 2722 civitatibus

185 2746 385 2799 agitatores
404 2748 559 2800 optimos,
578 2747 719 2802 Tyrus
740 2749 783 2788 ἔθ’
803 2747 972 2802 Berytus
992 2749 1193 2799 mimarios,
1222 2747 1403 2789 Caesarea
1425 2755 1558 2800 panto-

353 2812 380 2846 P
1348 2815 1365 2846 8
