2131 3552
0 1454 42 1483 ‚49
50 1444 79 1482 b,
95 1445 151 1474 col.
167 1453 180 1475 1

826 223 969 289 (417)
1483 240 1567 294 135

209 393 378 422 matrem
396 383 480 422 eius
496 382 671 436 &ipsam
691 382 899 435 inspiciens
917 383 1093 423 tenuit&
1106 382 1239 423 statuit
1254 398 1346 423 cum
1364 385 1571 427 ambobus.

207 440 260 481 Et
293 442 501 494 postquam
531 442 677 495 egrell'a
705 441 759 480 est
797 441 921 491 turba,
956 443 1063 494 cepit
1086 442 1326 482 beatissimus
1356 443 1490 482 dicere
1516 446 1572 485 eis

206 512 374 553 quantas
410 501 688 541 tribulationes
720 500 967 554 pertuliffent
1000 501 1037 540 &
1069 502 1240 541 docebat
1267 514 1337 540 eos
1366 511 1571 554 tamquam

208 560 391 612 proprios
409 559 513 599 filios
536 558 622 599 suos
644 559 804 599 dicens:
829 578 841 595 α
866 559 1008 599 Nolite
1030 559 1200 600 deficere
1222 560 1314 613 quia
1336 558 1424 599 finis
1447 560 1572 599 tribu-

208 634 222 653 «
250 618 409 659 lationis
446 620 601 672 perficit
629 620 840 673 gaudium:
863 634 944 658 non
967 619 1053 658 sunt
1074 620 1182 658 enim
1209 619 1410 671 condigne
1434 619 1573 671 passio-

208 694 221 713 «
248 693 317 718 nes
340 679 456 718 huius
478 679 672 731 temporis
694 679 740 718 ad
769 679 943 717 futuram
964 678 1135 731 gloriam
1170 692 1247 730 que
1272 677 1511 717 revelabitur
1532 680 1570 718 in

207 754 222 772 «
249 737 364 777 nobis
386 754 416 776 >m
442 737 568 777 Tunc
591 738 736 790 itaque,
767 737 829 776 vel
852 751 997 790 magno
1020 751 1143 788 opere
1165 736 1459 776 benedictionis
1483 751 1571 789 per-

204 796 310 848 cepti
333 795 381 834 ab
403 810 450 834 eo
473 794 510 834 &
540 795 663 834 nimia
683 795 958 835 consolatione
980 795 1160 844 recreati,
1182 806 1384 834 narrantes
1405 795 1572 835 virtutes

206 854 303 902 eius,
334 854 522 907 navigant
555 854 844 907 lherosolinmm,
883 853 920 893 &
954 853 1106 906 ingressi
1142 853 1311 892 adorant
1340 852 1572 893 Dominum

209 926 276 964 per
297 912 385 951 loca
403 912 544 952 saneta.
564 912 725 952 Deinde
742 912 991 964 hospitantur
1010 913 1047 951 in
1067 912 1197 950 sancta
1216 909 1405 961 Anastasi,
1423 912 1572 952 haben-

206 981 263 1010 tes
283 971 415 1010 adhuc
437 972 602 1024 quidem
625 985 787 1023 parvam
812 972 1024 1023 pecuniam
1047 971 1130 1009 auri
1153 984 1273 1023 quam
1295 971 1573 1022 expenderunt

206 1043 276 1082 per
299 1043 440 1069 manus
462 1044 603 1068 eorum
626 1030 693 1082 qui
716 1027 877 1082 repofiti
899 1040 1012 1069 erant
1031 1029 1143 1081 super
1165 1029 1572 1081 pauperes,nolentes

206 1102 275 1140 per
298 1088 332 1127 se
355 1087 457 1141 ipsos
484 1088 705 1141 dispensare
727 1103 777 1128 ne
797 1088 947 1141 aliquid
971 1088 1065 1128 boni
1085 1086 1215 1126 fecisse
1240 1088 1483 1128 viderentur.
1513 1087 1574 1128 Ita

204 1146 358 1199 semper
390 1146 662 1186 humilitatem
692 1146 992 1194 custodiebant;
1024 1145 1215 1185 afferebat
1236 1146 1410 1198 denique
1432 1146 1572 1186 beatis-

205 1202 299 1243 sima
316 1206 423 1258 quod
443 1220 491 1244 eo
509 1216 605 1245 voto
623 1205 660 1245 &
678 1203 869 1245 defiderio
889 1205 1037 1244 ibidem
1054 1202 1299 1244 advenissent
1315 1215 1370 1254 ut,
1384 1204 1573 1244 omnibus

205 1263 242 1302 in
275 1263 435 1304 Christo
467 1263 707 1316 dispensatis,
735 1265 772 1303 in
803 1262 1042 1303 eclesiastico
1074 1264 1193 1303 brebe
1230 1263 1457 1316 conscripti,
1492 1262 1572 1302 ele-

204 1321 398 1361 moslnam
421 1323 523 1362 inter
545 1334 703 1363 ceteros
726 1337 921 1376 pauperes
943 1322 1293 1376 consequerentur.
1315 1320 1457 1375 Itaque
1478 1335 1571 1361 cum

203 1381 350 1420 nimius
380 1382 497 1420 ardor
530 1380 621 1420 fidei
655 1382 739 1421 eius
774 1381 812 1421 ὅτ
846 1381 1082 1420 abstinentia
1116 1391 1384 1433 permaneret,
1421 1380 1571 1419 factum

202 1437 257 1478 est
293 1438 486 1478 infirmari
521 1454 609 1479 eam
644 1439 681 1479 &
714 1452 876 1492 propter
901 1439 1184 1478 volumtariam
1216 1449 1494 1492 paupertatem
1533 1438 1571 1478 δι

202 1497 370 1537 multam
411 1498 664 1538 tolerantiam
704 1499 801 1538 nicil
839 1498 945 1538 aliud
989 1512 1181 1550 umquam
1222 1508 1354 1550 preter
1393 1497 1571 1536 cilicium

202 1567 393 1596 uteretur.
425 1557 615 1610 Cumque
647 1557 761 1597 multi
793 1557 995 1596 servorum
1019 1556 1098 1596 Dei
1121 1557 1158 1596 δε
1179 1557 1382 1609 virginum
1412 1555 1460 1595 ad
1481 1555 1571 1595 vifi-

204 1615 369 1654 tandum
404 1615 663 1654 beatissimam
703 1616 966 1655 desiderantes
995 1618 1193 1666 venirent,
1232 1616 1343 1668 virgo
1383 1614 1570 1668 quedam,

200 1673 406 1714 samffitate
435 1673 474 1713 ὅτ
499 1675 581 1713 vita
600 1674 638 1714 &
659 1675 838 1715 moribus
859 1674 974 1713 valde
996 1674 1132 1725 libera,
1158 1689 1252 1714 curn
1284 1687 1428 1726 magna
1448 1687 1570 1711 vene-

198 1734 353 1773 ratione
383 1732 553 1785 capitale
574 1733 786 1786 pulvillum
814 1734 879 1772 vix
902 1734 1034 1786 potuit
1055 1733 1269 1786 impetrare
1302 1743 1345 1772 ut
1376 1731 1570 1784 suscipere

201 1793 432 1845 dignaretur
453 1791 491 1831 δε
520 1791 587 1830 sub
608 1792 676 1831 suo
706 1793 837 1844 capite
861 1806 1025 1845 ponere,
1046 1807 1167 1846 quem
1189 1791 1406 1832 beatissima
1426 1804 1570 1842 accep-

200 1861 287 1890 tum
308 1864 382 1903 pro
404 1864 549 1903 magna
570 1850 853 1890 be11ediffione
884 1850 921 1890 &
951 1864 1033 1889 non
1065 1862 1232 1904 propter
1261 1849 1423 1890 delicias
1454 1849 1570 1887 hute-

200 1908 328 1948 batur.

256 1983 273 2006 «
310 1966 604 2007 Permanebat
595 1968 716 2021 igitur
744 1967 961 2007 beatiffima
991 1981 1085 2006 cum
1115 1967 1246 2007 sa11<sta
1279 1978 1404 2006 matre
1434 1965 1500 2005 sua
1528 1966 1567 2004 in

201 2026 332 2066 saneta
361 2025 664 2066 Resurreffione
692 2026 728 2066 &
759 2026 904 2065 secrete
934 2025 1105 2066 residens
1141 2026 1320 2079 opusque
1356 2025 1467 2064 suum
1501 2038 1569 2077 per

201 2081 374 2136 fingulos
414 2083 497 2123 dies
534 2084 816 2125 consummans
855 2083 892 2123 &
927 2083 1089 2124 leffloni
1131 2098 1290 2134 vacans,
1327 2083 1568 2122 memoriam

201 2142 500 2196 Scripturarum
522 2143 748 2182 divinarum
771 2143 838 2182 suo
862 2143 1016 2195 pectori
1038 2143 1298 2193 recondebat,
1315 2141 1415 2181 nulli
1434 2141 1567 2193 passim

202 2215 411 2254 apparens,
430 2215 506 2240 nec
526 2202 608 2241 cito
626 2203 851 2254 procedens
868 2200 938 2241 nin
960 2202 1060 2241 forte
1077 2216 1203 2255 quum
1225 2201 1358 2254 magni
1375 2201 1413 2240 &
1429 2200 1509 2239 vita
1530 2200 1568 2240 &

200 2259 404 2299 sanctitate
437 2259 607 2312 preclari
638 2260 811 2314 episcopi
847 2260 909 2299 vel
939 2260 1059 2300 sancti
1089 2272 1221 2313 patres
1249 2260 1445 2308 venirent,
1465 2273 1567 2311 quos

200 2319 373 2358 maxime
394 2333 476 2357 non
499 2319 551 2359 ob
581 2319 700 2360 aliam
721 2319 877 2360 causam
906 2320 960 2359 set
988 2331 1155 2372 propter
1184 2319 1395 2358 salutarem
1416 2317 1569 2356 doctri-

198 2392 292 2418 nam
322 2378 360 2418 &
395 2379 620 2419 divinarum
651 2378 951 2432 Scripturarum
982 2377 1127 2417 secreta
1156 2377 1326 2417 misteria
1359 2376 1567 2429 requirens

200 2436 443 2489 suscipiebat.
463 2437 718 2478 Occurrebat
732 2438 854 2477 etiam
870 2452 965 2477 cum
985 2435 1211 2476 honorifico
1234 2436 1271 2475 &
1288 2434 1355 2474 suo
1378 2434 1447 2474 illo
1469 2449 1568 2473 con-

151 2531 163 2538 ,
201 2495 309 2535 sueto
331 2496 369 2536 &
389 2497 618 2536 verecundo
640 2495 806 2536 salutato
835 2495 873 2535 &
900 2495 1116 2549 provoluta
1133 2495 1302 2548 pedibus
1329 2507 1473 2533 eorum
1496 2507 1566 2532 ex-

201 2554 386 2606 poscebat
415 2555 754 2594 benedietionem.
787 2553 951 2609 Quibus
979 2554 1149 2608 egressis,
1174 2553 1253 2606 ipsa
1286 2553 1324 2592 in
1350 2552 1416 2591 suo
1443 2566 1567 2603 opere

200 2613 415 2666 Scripturae
431 2615 470 2653 in
488 2614 638 2653 ieiunio
657 2614 925 2666 permanebat.
943 2613 1190 2666 Vespertinis
1212 2625 1306 2651 vero
1328 2612 1437 2651 horis
1459 2610 1566 2663 post-

201 2685 322 2725 quam
349 2670 461 2711 locus
488 2671 619 2710 san&e
646 2671 967 2711 Resurrectionis
993 2686 1015 2711 a
1043 2670 1274 2710 custodibus
1295 2668 1566 2717 claudebatur,

0 2731 80 2771 '49²²’
95 2732 184 2763 c01.2
203 2729 390 2769 omnibus
416 2729 489 2769 rite
518 2731 704 2782 receptis,
724 2731 798 2770 hec
829 2730 1058 2780 beatissima,
1083 2729 1290 2783 egrediens
1311 2729 1359 2768 de
1380 2727 1481 2767 cella
1501 2726 1566 2765 sua
