2131 3552
850 208 991 270 (326)
1539 219 1596 269 43

237 382 251 400 «
278 366 515 415 eruderavit,
544 379 618 404 nec
640 364 761 404 latere
788 377 933 416 aquam
962 362 1088 416 passus
1119 363 1173 403 est
1205 362 1344 414 (Gen.,
1379 374 1495 411 xxvl,
1530 363 1602 413 18).

238 443 251 460 ‹<
278 423 470 463 '‘sullatur
495 424 614 476 igitur
635 423 760 472 ruina,
792 433 834 461 ut
855 422 936 461 vita
965 433 1166 474 appareat,
1194 432 1402 474 promatur
1434 420 1603 473 gladius,

237 500 252 518 «
279 498 359 535 quo
391 484 471 522 veri
507 481 645 522 Goliae
674 491 794 533 caput
815 479 870 519 est
900 491 1152 532 amputatum
1183 483 1211 530 (1
1242 479 1356 532 Reg.,
1386 491 1488 527 xvn,
1515 480 1602 530 51):

238 560 251 577 c.
278 541 477 592 aperiatur
499 541 644 579 humus
662 550 704 579 ut
729 538 827 578 salus
845 538 992 591 fulgeat
1013 536 1127 588 (lsai,
1144 551 1241 588 XLV,
1261 538 1314 589 8).
1342 537 1457 592 Quid
1482 536 1605 589 egisti,

239 619 251 636 t<
279 599 451 648 diabole,
482 610 523 637 ut
544 597 807 638 absconderes
829 597 997 651 lignum,
1031 598 1098 636 nisi
1131 608 1172 636 ut
1194 599 1338 636 iterum
1360 595 1602 634 vincereris?

238 680 250 695 «ι
276 659 386 697 Vicit
403 669 440 697 te
460 657 604 707 Maria,
626 672 716 709 quae
731 657 870 709 genuit
892 656 1239 709 triumphatorem,
1261 670 1350 708 quae
1371 652 1450 693 s1ne
1469 654 1603 693 immi-

239 737 251 754 «
279 718 445 756 nutione
464 716 700 769 virginitatis
722 715 846 754 edidit
867 729 974 765 eum,
995 715 1062 768 qui
1081 714 1296 754 crucifixus
1318 714 1495 752 vinceret
1513 722 1550 751 te
1567 711 1605 751 &

238 796 251 813 «
280 787 460 815 mortuus
482 774 718 828 subiugaret.
752 774 936 814 Vinceris
953 773 991 813 &
1016 774 1151 824 hodie,
1182 784 1224 812 ut
1246 772 1388 812 mulier
1410 783 1495 811 tuas
1518 770 1606 810 insi-

238 854 250 872 «
278 835 361 874 dias
383 834 670 887 deprehendat.
693 831 766 872 Illa
792 832 898 886 quasi
925 832 1056 872 saneta
1077 832 1309 872 Dominum
1331 830 1511 885 gestavit,
1531 844 1605 882 ego

238 914 251 931 ς(
277 906 438 933 crucem
461 893 544 932 eius
567 890 834 945 investigabo:
866 891 935 930 illa
954 903 1190 944 generatum
1212 891 1364 940 docuit,
1393 904 1468 943 ego
1490 888 1607 928 resus-

237 972 251 989 «
278 952 466 992 citatum:
489 950 556 990 illa
577 951 671 991 fecit
692 962 734 990 ut
753 950 868 990 Deus
890 950 993 990 inter
1015 950 1200 990 homines
1222 950 1439 999 videretur,
1459 963 1534 1001 ego
1557 948 1605 986 ad

237 1030 251 1048 ς(
278 1011 507 1050 nostrorum
522 1010 746 1050 remedium
760 1020 1021 1062 peccatorum
1035 1009 1217 1048 divinum
1234 1010 1282 1048 de
1297 1008 1422 1048 ruinis
1439 1006 1606 1046 elevabo

237 1090 251 1107 ς(
279 1069 483 1109 vexillum.
515 1087 529 1104 »

291 1146 304 1164 «
340 1129 488 1181 Aperit
508 1129 642 1182 itaque
664 1128 848 1178 humum,
875 1128 1028 1166 decutit
1058 1126 1288 1180 pulverem:
1325 1125 1397 1165 tria
1428 1122 1607 1177 patibula

234 1186 397 1227 confusa
417 1188 576 1240 reperit,
603 1202 693 1240 quae
720 1187 834 1226 ruina
855 1196 1103 1235 contexerat,
1127 1186 1313 1225 inimicus
1335 1183 1608 1224 absconderat.

235 1247 309 1287 Sed
339 1261 422 1285 non
445 1247 578 1299 potuit
598 1245 815 1285 oblitterari
842 1244 990 1286 Christi
1014 1245 1256 1298 triumphus.
1290 1242 1451 1283 Incerta
1473 1241 1609 1291 haeret,

236 1317 278 1344 ut
301 1305 463 1353 mulier3
486 1305 546 1343 sed
570 1315 719 1343 certam
742 1304 973 1356 indaginem
996 1302 1166 1355 Spiritus
1187 1302 1342 1341 sancitus
1365 1299 1540 1353 inspirat,
1559 1313 1608 1337 eo

235 1363 344 1415 quod
378 1362 458 1402 duo
490 1362 665 1403 latrones
695 1377 788 1402 curn
821 1361 1007 1402 Domino
1039 1360 1218 1400 crucifixi
1250 1360 1408 1399 fuerint.
1448 1357 1609 1413 Quaerit

235 1436 332 1475 ergo
362 1422 543 1461 medium
569 1421 736 1475 lignum.
767 1421 841 1461 Sed
875 1431 1031 1474 poterat
1060 1419 1146 1459 fieri
1178 1429 1221 1458 ut
1242 1417 1420 1472 patibula
1448 1418 1551 1456 inter
1573 1415 1608 1455 se

236 1480 351 1519 ruina
370 1481 650 1531 confunderet,
680 1481 789 1520 casus
812 1481 1040 1519 inverteret.
1071 1479 1195 1518 Redit
1223 1478 1270 1517 ad
1293 1475 1502 1530 Evangelij
1527 1475 1608 1514 lec-

237 1536 403 1588 tionem,
425 1539 579 1578 invenit
599 1539 692 1592 quia
712 1539 751 1577 in
773 1538 909 1577 medio
928 1537 1109 1590 patibulo
1129 1536 1314 1590 praelatus
1337 1534 1476 1574 titulus
1497 1544 1606 1573 erat:

239 1613 253 1631 «
279 1593 384 1635 Iesus
405 1596 659 1648 Nazarenus,
680 1597 769 1637 Rex
800 1595 1032 1636 Iudaeorum
1059 1614 1073 1631 »
1113 1594 1253 1645 (Ioan.,
1283 1607 1368 1644 xlx,
1398 1602 1470 1647 19).
1500 1592 1608 1632 Hinc

235 1653 408 1694 colleEta
436 1655 491 1695 est
520 1656 634 1696 series
661 1656 852 1706 veritatis,
883 1655 1002 1694 titulo
1023 1668 1120 1694 crux
1143 1655 1272 1707 patuit
1293 1653 1483 1692 salutaris.
1514 1651 1608 1690 Hoc

236 1712 291 1752 est
312 1714 421 1767 quod
444 1716 672 1767 petentibus
688 1713 834 1754 Iudaeis
857 1712 1006 1753 Pilatus
1028 1712 1251 1765 respondit:
1276 1729 1291 1748 «
1315 1710 1444 1767 Quod
1464 1707 1610 1762 scripfi,

200 1809 204 1812 .
239 1787 254 1807 «
280 1770 411 1825 scripsi
437 1789 451 1808 »
478 1772 608 1825 (lbid.,
629 1779 709 1824 22),
734 1773 772 1811 id
795 1771 862 1822 est,
882 1785 964 1811 non
985 1785 1031 1810 ea
1053 1769 1198 1823 scripsi,
1228 1785 1318 1823 quae
1338 1769 1453 1809 vobis
1476 1767 1609 1821 place-

237 1842 339 1881 rent,
359 1830 421 1870 sed
445 1847 534 1884 quae
553 1843 647 1872 aetas
669 1832 802 1871 futura
831 1829 1114 1884 cognosceret3
1144 1844 1227 1868 non
1248 1829 1362 1868 vobis
1384 1827 1525 1880 scripsi,
1546 1827 1607 1866 sed

238 1889 472 1943 posteritati,
494 1891 791 1944 propemodum
812 1890 972 1929 dicens:
1001 1888 1160 1928 Habeat
1180 1888 1339 1928 Helena
1360 1888 1468 1941 quod
1493 1886 1610 1940 legat,

238 1948 343 1988 unde
364 1964 528 1989 crucem
550 1949 723 1991 Domini
746 1949 1019 2001 recognoscat.

293 2024 308 2043 «
342 2005 503 2047 Invenit
540 2023 637 2062 ergo
678 2007 855 2058 titulum,
895 2006 1052 2060 Regem
1082 2005 1290 2056 adoravit,
1333 2019 1415 2044 non
1453 2004 1608 2057 lignum

238 2067 390 2120 utique,
419 2067 513 2120 quia
549 2068 615 2107 hic
645 2066 806 2121 gentilis
839 2066 893 2106 est
914 2079 1023 2105 error
1053 2065 1091 2105 &
1112 2065 1266 2104 vanitas
1290 2064 1523 2116 impiorum,
1545 2062 1607 2102 sed

236 2126 421 2165 adoravit
435 2125 564 2177 illum,
584 2127 652 2179 qui
668 2126 863 2180 pependit
879 2126 918 2164 in
935 2124 1060 2178 ligno,
1082 2124 1249 2176 scriptus
1267 2124 1306 2162 in
1324 2122 1464 2162 titulo:
1483 2121 1610 2172 illurn,

238 2185 416 2238 inquam,
444 2185 513 2239 qui
533 2186 631 2226 ficut
651 2185 865 2225 scarabaeus
892 2184 1095 2234 clamavit,
1126 2194 1169 2222 ut
1190 2181 1512 2235 persecutoribus
1533 2180 1608 2220 suis

239 2243 354 2283 Pater
370 2256 535 2298 peccata
555 2246 723 2284 donaret
743 2244 876 2294 (Luc.,
902 2255 1024 2294 xxm,
1051 2248 1127 2296 34).
1165 2242 1299 2281 Avida
1328 2240 1474 2279 mulier
1505 2239 1609 2278 festi-

237 2303 357 2343 nabat
391 2314 555 2357 tangere
588 2304 812 2343 remedium
846 2301 1181 2351 immortalitatis,
1213 2299 1417 2339 metuebat
1452 2298 1608 2337 calcare

238 2362 528 2402 sacramentum
553 2362 697 2402 salutis.
733 2362 850 2402 Laeto
872 2362 997 2400 corde
1018 2360 1057 2400 δι
1073 2359 1290 2412 trepidanti
1311 2356 1490 2410 vestigio,
1511 2357 1606 2409 quid

238 2422 388 2461 faceret
409 2421 619 2461 nesciebat.
641 2420 845 2461 Pertendit
870 2431 1003 2460 tamen
1026 2420 1072 2458 ad
1091 2417 1225 2458 cubile
1242 2416 1432 2466 veritatis,
1454 2415 1607 2469 lignum

239 2479 401 2531 refulsit,
431 2481 467 2521 ἃ
487 2481 615 2533 gratia
635 2480 789 2519 micuit.
826 2478 879 2518 Et
911 2479 1006 2531 quia
1034 2478 1114 2517 iam
1141 2476 1351 2517 foeminam
1386 2474 1610 2514 visitaverat

241 2539 422 2581 Christus
443 2541 483 2579 in
513 2539 663 2589 Maria,
690 2539 860 2591 Spiritus
891 2538 930 2577 in
951 2536 1110 2576 Helena
1131 2534 1321 2574 visitavit:
1353 2535 1493 2573 docuit
1521 2547 1609 2573 eam

241 2600 349 2654 quod
380 2598 524 2638 mulier
552 2597 776 2652 ignorabat,
808 2597 845 2636 &
867 2596 1035 2635 deduxit
1064 2595 1103 2634 in
1126 2595 1246 2645 viam,
1276 2606 1398 2647 quam
1428 2591 1609 2631 mortalis

241 2659 336 2699 scire
356 2672 439 2697 non
461 2667 628 2711 poterat.

298 2735 314 2754 ‹<
350 2715 550 2772 Quaeslvit
594 2716 744 2767 clavos,
790 2715 935 2769 quibus
978 2711 1192 2753 crucifixus
1233 2711 1287 2750 est
1321 2710 1539 2759 Dominus,
1572 2708 1609 2748 &
