2131 3552
765 210 904 274 (40¹)
1475 229 1556 277 115

314 367 393 407 Hic
413 369 601 426 nemorosa
623 368 749 408 virent
773 367 959 420 Daphnae
980 368 1073 419 loca,
1094 369 1190 427 celsa
1211 372 1401 424 cupreſjus

314 432 503 485 Erigitur,
524 447 646 472 ramos
664 432 809 470 inuenit
826 432 962 472 laurus
982 434 1109 483 odora,

315 496 428 537 Crine
450 497 628 536 Dionaeo
649 505 789 549 myrtus
809 496 1051 550 diffunditur,
1073 498 1161 537 altae

315 562 554 616 Consurgunt
571 561 692 615 pinus,
715 562 758 599 {3⁵
780 561 1040 616 coelumstbila
1056 562 1214 620 pulsant

313 626 482 676 Robora,
502 626 707 665 mollicomis
726 626 831 665 tellus
851 626 1072 679 insternitur
1091 626 1225 667 herbis.

321 690 422 730 Urbs
441 690 564 730 mediis
586 691 772 742 Apamea
792 690 920 730 dehinc
940 691 1093 746 cmzsistz't
1111 691 1147 730 in
1170 692 1292 743 arvis,

313 755 364 795 Et
383 770 456 807 qua
481 754 681 794 l’hoebcam
700 755 835 807 procul
850 755 1082 795 incunabula
1101 756 1218 796 lucem

316 819 452 858 Prima
467 819 614 872 fovent,
635 818 978 873 Emesusfiqssigia
999 820 1095 878 celsa
1116 821 1268 861 renidet.

315 884 424 923 lVam
445 883 588 939 difficsa
598 882 681 939 solo
701 884 799 923 latus
818 884 991 936 explicat,
1012 900 1054 924 ac
1071 886 1174 941 subit
1192 901 1310 925 auras

319 948 509 989 Turribus
529 949 566 988 in
588 949 721 988 coelum
742 949 936 989 nitentibus
956 966 968 988 .·
987 949 1105 988 incola
1127 950 1243 990 claris

315 1014 388 1053 Cor
407 1014 534 1062 studiis
555 1014 668 1064 acuit,
677 1011 756 1068 sed
777 1015 820 1052 Εἴ
842 1014 1000 1067 amplius
1019 1015 1151 1054 imbuit
1169 1016 1264 1055 ordo.

312 1079 484 1131 Denique
490 1079 740 1133 flammicomo
761 1079 884 1118 devoti
897 1085 1049 1132 pectora
1057 1080 1136 1138 soli

319 1144 447 1185 Vitam
469 1145 613 1197 agitant
630 1165 645 1191 ‚·
666 1144 847 1184 Libanus
855 1145 1048 1200 frondosa
1069 1147 1264 1185 cacumina
1284 1156 1408 1199 turget

314 1209 364 1249 Et
383 1219 502 1249 tamen
524 1209 577 1250 his
596 1209 677 1262 celss
695 1219 842 1249 certant
846 1210 1014 1264 fastigia
1035 1211 1168 1265 templi.

314 1277 451 1334 Hicse
470 1277 565 1316 indit
583 1278 689 1317 iuxta
710 1278 878 1317 tellurem
893 1278 1052 1331 glaucus
1074 1279 1259 1320 Orontes

315 1342 397 1382 Nec
413 1342 551 1395 procul
566 1343 762 1382 Antiochi
785 1358 908 1396 vagus
926 1343 1172 1383 interlabitur
1193 1346 1335 1396 urbem,

321 1408 629 1462 Pmostringitqm
651 1407 759 1447 undis
780 1408 1006 1460 Apamenae
1025 1409 1159 1461 iugera
1174 1409 1307 1462 glebae.

313 1472 464 1512 Fertilis
484 1471 538 1512 his
558 1472 674 1528 cespes
688 1472 940 1526 protenditur,
961 1487 1135 1524 arvaque
1156 1474 1277 1513 amica

315 1538 408 1577 Sunt
420 1537 558 1589 pecori,
579 1537 615 1575 in
623 1537 731 1590 fetus
738 1537 876 1590 filcilis
896 1537 1060 1576 Pomona
1081 1538 1258 1595 resurgit,

314 1603 365 1642 Et
370 1602 543 1656 secunda
565 1600 674 1642 Ceres
694 1602 1012 1658 campoflavescit
1031 1612 1168 1655 aperto.

316 1667 353 1705 Si
373 1667 507 1723 rursus
526 1667 685 1720 tepidum
706 1666 774 1706 via
795 1667 1013 1721 deflebiatur
1031 1668 1069 1706 in
1090 1669 1275 1720 austrum,

315 1732 453 1772 Curva
466 1731 574 1787 stnus
594 1732 930 1789 Arabisuccedent
946 1747 1101 1784 aequora
1115 1741 1284 1786 propter.

314 1797 493 1849 IVamque
514 1797 671 1837 Arabes
694 1796 883 1850 Syriaeque
894 1794 1140 1852 solumfinus
1159 1798 1371 1852 istefluento

312 1863 487 1912 Dividit,
508 1864 551 1901 ὅ
571 1862 674 1901 tentis
689 1861 826 1914 procul
841 1862 1118 1915 interfunditur
1138 1863 1245 1902 undis
1265 1879 1278 1903 .·

313 1928 364 1968 Et
381 1937 501 1967 tamen
523 1942 594 1967 eoos
613 1927 770 1980 paulum
790 1926 996 1966 inclinatur
1017 1927 1053 1966 in
1076 1943 1174 1978 axes,

320 1992 444 2050 Usque
463 1992 499 2031 in
522 1992 691 2044 belligeri
709 1991 866 2046 confinia
877 1992 1006 2046 flexus
1026 1990 1157 2031 Elani.
1181 2008 1196 2028 »

276 2081 468 2126 [Descriptio
497 2081 583 2115 orbis
614 2088 725 2122 terrae,
755 2081 834 2113 vers.
868 2083 955 2121 1056
967 2100 979 2104 -
991 2092 1076 2121 1103
1107 2080 1179 2125 (ed.
1202 2081 1342 2123 Mffller,
1370 2082 1561 2127 Geograplti

174 2136 281 2181 graeci
296 2135 446 2177 minores,
464 2134 581 2177 Paris.‚
603 2138 702 2175 1861,
722 2135 766 2176 II,
783 2145 838 2178 pp.
861 2136 938 2176 186,
959 2135 1067 2176 187).]

12 2306 48 2349 1,
72 2305 162 2351 apr.
181 2288 219 2333 S.
242 2288 560 2332 PORPHYRIUS
596 2288 665 2347 (de
698 2305 773 2346 quo
799 2289 929 2348 supra
954 2288 1006 2331 ad
1031 2305 1092 2331 an.
1123 2286 1253 2348 382),
1289 2289 1556 2342 IOHANNES,

183 2361 433 2418 Caesariensis
475 2362 514 2402 in
556 2359 769 2420 Palaestina
810 2360 1029 2419 episcopus,
1056 2358 1095 2402 6²
1131 2358 1342 2403 MARCUS
1366 2359 1559 2402 diaconus

184 2430 528 2490 Constantinopoli
563 2430 814 2488 aliquamdiu
839 2432 1000 2486 morati,
1029 2433 1068 2473 in
1099 2430 1352 2485 Paloestinam
1376 2431 1554 2473 redeunt.

182 2500 445 2546 CYNEGIUS
467 2502 514 2544 ab
533 2500 712 2544 Eudoxia
732 2503 986 2560 imperatrice
1007 2501 1157 2560 Gazam
1177 2502 1362 2543 mittitur.
1395 2508 1497 2550 (129)

278 2599 436 2643 [Marcus
455 2599 628 2640 diaconus,
648 2598 766 2643 Vitas.
781 2598 961 2643 Porphyrij,
981 2599 1099 2639 c.V11,
1116 2599 1148 2639 ἕξ
1164 2610 1272 2641 51-54
1289 2615 1297 2641 3
1317 2609 1368 2631 cc.
1386 2599 1476 2639 VIII,
1497 2599 1556 2638 IX,

183 2655 217 2695 ἓξ
235 2656 353 2695 63-66,
376 2656 417 2694 69
440 2652 544 2695 (cuius
565 2652 657 2695 vers]
674 2652 730 2686 lat.
749 2654 885 2697 ap.AA.
899 2651 1052 2693 SS.B0ll.,
1074 2653 1190 2694 Febr.,
1206 2653 1269 2694 ΙΙΙ,
1290 2663 1344 2696 pp.
1358 2650 1555 2695 654-657).]

233 2723 304 2768 (Cf.
321 2723 446 2757 Itinera
457 2735 584 2768 graeca,
601 2724 639 2765 I.)
