2131 3552
520 186 606 255 136
1117 184 1256 252 (417)

513 348 560 388 ad
583 349 689 388 fores
705 347 836 387 sancte
853 345 1051 386 Anasteos
1068 345 1150 401 (stc)
1174 345 1358 399 vigilans,
1374 346 1412 385 in
1425 345 1605 385 oratione
1619 345 1879 398 pernoctabat

514 406 636 460 usque
653 407 699 446 ad
717 420 806 446 eam
822 406 961 445 horam
979 405 1018 444 in
1035 419 1114 458 qua
1129 405 1252 444 ceteri
1269 405 1317 444 ad
1339 403 1588 458 psallendum
1604 404 1878 443 convenirent.

515 465 661 522 Quum
683 476 817 504 autem
838 464 952 504 turba
981 462 1018 502 se
1046 461 1331 516 congregasset,
1357 462 1437 516 ipsa
1454 462 1646 503 recedens
1672 462 1881 515 paululum

513 524 652 564 somno
675 526 783 578 quod
805 533 946 562 natura
971 522 1158 575 exigebat
1179 521 1424 575 indulgebat,
1454 522 1492 562 δι
1518 523 1665 562 iterum
1685 535 1881 575 exurgens

514 582 708 633 diluculo,
729 581 920 622 consueto
937 594 1058 634 opere
1076 579 1287 632 infistebat,
1308 591 1351 620 ut
1371 580 1560 621 omnibus
1581 580 1688 621 horis
1708 594 1790 620 non
1810 576 1882 620 nifi

515 642 623 694 quod
647 641 840 694 placitum
864 639 958 680 effet
979 650 1124 694 ageret.

571 717 586 736 «
616 698 874 739 Inruentibus
907 713 1004 738 vero
1034 699 1074 737 in
1103 698 1236 751 Spania
1261 699 1440 751 partibus
1467 699 1656 750 barbaris,
1687 697 1884 738 remanse-

516 769 609 798 runt
638 773 764 811 pauce
797 756 1050 811 poffeffiones
1085 771 1184 810 quas
1215 767 1380 809 propter
1402 758 1675 811 inruptionem
1709 756 1884 797 hostium

516 817 703 857 distraere
723 831 805 856 non
827 826 1059 869 potuerunt.
1081 815 1293 869 Tempore
1314 826 1448 855 autem
1469 831 1562 856 cum
1583 831 1659 869 pax
1681 816 1780 856 locis
1795 817 1885 856 red-

517 876 600 915 dita
615 873 756 925 fuiffet,
774 874 984 915 destinavit
1003 874 1270 914 fideliffimum
1291 889 1339 914 ex
1362 875 1479 915 servis
1500 875 1588 926 suis,
1608 875 1686 915 iam
1702 875 1885 926 liverum,

517 935 584 988 qui
607 933 794 988 ingreffus
815 936 855 973 in
877 933 1067 987 predictis
1089 933 1320 987 regionibus
1340 934 1542 986 quandam
1573 944 1727 987 partem
1745 932 1886 987 poffes-

517 992 671 1033 fionum
693 992 847 1032 festinat
873 992 1071 1042 distraere,
1091 1006 1140 1032 ex
1162 991 1306 1044 quibus
1322 1006 1404 1031 non
1427 1005 1549 1044 parvo
1565 992 1739 1032 concito
1757 993 1885 1046 pretio

518 1062 720 1092 revertens
751 1051 813 1091 his
843 1051 982 1091 defert.
1020 1050 1148 1107 Quod
1171 1050 1312 1090 videns
1342 1050 1570 1102 beatiffima,
1599 1050 1706 1105 quafi
1739 1066 1787 1092 ex
1815 1066 1886 1092 ore

519 1110 647 1150 leonis
677 1121 876 1163 ereptum,
902 1109 1048 1163 gratias
1069 1123 1189 1162 agens
1212 1108 1321 1159 Deo,
1341 1109 1537 1149 continuo
1566 1111 1702 1150 omnia
1722 1111 1761 1150 in
1784 1125 1886 1164 opus

521 1169 602 1209 Dei
624 1168 893 1208 distribuenda
913 1168 1101 1221 disponit,
1130 1167 1168 1207 &
1197 1168 1296 1208 dicit
1321 1168 1368 1207 ad
1399 1167 1511 1207 suum
1532 1168 1716 1208 fratrem:
1746 1186 1761 1206 «
1796 1169 1886 1209 Do—

522 1245 538 1265 «
562 1229 670 1267 mine
693 1242 819 1278 meus,
839 1227 935 1267 volo
957 1238 1000 1267 ut
1020 1241 1157 1267 eamus
1179 1227 1219 1266 in
1240 1227 1390 1280 EgyptO,
1411 1226 1450 1267 &
1469 1227 1677 1267 videamus
1698 1228 1885 1269 dominos

523 1304 538 1324 «
563 1286 718 1326 nostros
745 1286 783 1326 δι
813 1286 969 1326 sanctos
991 1285 1119 1326 servos
1142 1285 1223 1325 Dei
1253 1300 1323 1338 per
1349 1287 1560 1325 heremum
1585 1286 1823 1338 habitantes,
1843 1297 1887 1327 ut

522 1363 537 1383 «
565 1360 635 1399 per
660 1343 854 1385 visionem
881 1344 919 1385 &
942 1345 1145 1385 orationes
1174 1359 1317 1384 eorum
1339 1344 1648 1384 misericordiam
1669 1345 1888 1400 consequa-

524 1421 539 1441 «
565 1417 654 1443 mur
686 1420 716 1444 ».
748 1403 998 1443 Beatiffimus
1029 1417 1124 1442 vero
1157 1403 1322 1444 audiens
1350 1417 1433 1443 non
1464 1403 1539 1443 fuit
1567 1405 1807 1455 contrarius,
1835 1403 1891 1444 set

522 1477 616 1503 cum
636 1463 783 1516 gaudio
801 1462 937 1502 fabens
955 1461 1071 1501 dietis
1092 1462 1177 1501 eius
1199 1475 1417 1514 properare
1437 1461 1645 1502 consentit.
1678 1462 1890 1516 Exurgen-

523 1533 582 1562 tes
603 1522 724 1575 igitur
745 1521 916 1574 profesti
938 1520 1024 1560 sunt
1042 1521 1080 1559 in
1096 1521 1291 1574 Egyptum,
1312 1520 1350 1560 δε
1371 1520 1670 1575 peregrinantes
1691 1521 1890 1561 monaste-

522 1582 580 1621 ria
611 1580 840 1620 sanetorum
873 1580 1170 1619 monachorum
1199 1579 1238 1619 &
1267 1580 1482 1634 virginum,
1503 1579 1732 1634 dispergunt
1760 1581 1897 1622 omnia

523 1638 685 1692 singulis
715 1648 834 1691 prout
859 1639 1005 1691 cuique
1027 1652 1129 1690 opus
1154 1648 1248 1677 erat.
1273 1637 1327 1677 Et
1347 1639 1441 1691 quia
1465 1638 1543 1678 hoc
1564 1639 1599 1678 ei
1621 1649 1703 1678 erat
1723 1638 1895 1678 studium

525 1712 596 1751 pro
631 1697 802 1737 aliorum
836 1696 1043 1749 refrigerio
1077 1696 1230 1749 semper
1262 1695 1338 1736 effe
1362 1696 1590 1748 sollicitum,
1624 1707 1818 1737 venerunt
1848 1696 1895 1736 ad

525 1756 728 1810 quendam
756 1755 1037 1795 i³anc9riffimum
1056 1756 1202 1805 virum,
1222 1755 1319 1795 sicut
1343 1756 1423 1809 ipsa
1450 1756 1568 1796 nobis
1588 1757 1735 1795 referre
1756 1755 1896 1809 digna-

524 1816 652 1866 batur,
667 1815 833 1855 nomine
848 1813 1116 1853 Effefficuem.
1131 1814 1195 1853 Ad
1209 1829 1331 1867 quem
1347 1829 1440 1854 cum
1456 1815 1607 1868 ingressi
1621 1814 1790 1865 fuissent,
1811 1814 1899 1867 post

527 1875 755 1914 orationem
786 1874 895 1926 cepit
924 1872 1055 1912 saneta
1086 1886 1227 1926 rogare
1257 1883 1301 1913 ut
1331 1887 1480 1926 paucos
1502 1887 1642 1914 aureos
1667 1874 1706 1913 in
1737 1871 1897 1914 husibus

528 1933 604 1974 suis
639 1933 701 1972 his
735 1931 1032 1985 0ff[er]entibus
1068 1931 1251 1984 accipere
1286 1932 1530 1984 dignaretur.
1571 1931 1659 1987 Qui
1691 1931 1772 1972 alto
1797 1932 1898 1985 pede

527 1992 701 2032 resiliens
720 1989 942 2043 reppellere
973 1988 1107 2029 oblata
1126 2004 1202 2029 nec
1224 1988 1290 2029 fibi
1314 1988 1576 2030 necessarium
1596 1990 1672 2030 effe
1695 2005 1837 2031 aurum
1858 1990 1898 2030 in

528 2050 688 2090 hufibus
709 2049 918 2089 fatebatur.
941 2049 998 2088 At
1020 2063 1146 2102 quum
1167 2048 1277 2088 nulla
1308 2063 1427 2102 prece
1455 2049 1682 2089 fleE'teretur
1702 2051 1900 2103 accipere,

530 2120 694 2163 rogatus
711 2109 873 2148 interim
895 2119 939 2147 ut
960 2106 1317 2161 proficiscentibus,
1337 2107 1435 2148 ficut
1455 2122 1543 2148 mos
1559 2118 1656 2158 erat,
1672 2109 1899 2148 orationem

530 2169 624 2207 dare
655 2167 823 2206 iuberet.
855 2165 909 2206 Et
928 2181 1055 2221 quum
1084 2165 1149 2205 ille
1177 2180 1328 2219 pronus
1349 2167 1389 2205 in
1411 2166 1554 2206 faciem
1576 2166 1806 2206 Dominum
1828 2181 1899 2220 pro

530 2227 619 2280 ipfis
640 2237 784 2277 oraret,
805 2225 938 2265 san&a
963 2224 1171 2279 perlustrat
1199 2225 1267 2264 ubi
1289 2225 1447 2265 occulte
1467 2225 1667 2279 relinquat
1687 2226 1900 2278 pecuniam

531 2300 653 2340 quam
671 2284 845 2325 oblatam
865 2284 1216 2338 reppulerat,nicil
1234 2283 1392 2337 prorsus
1415 2283 1490 2324 tale
1505 2285 1680 2324 occurrit
1695 2284 1789 2338 quia
1804 2284 1901 2325 nicil

533 2345 642 2398 quod
674 2344 735 2383 vir
757 2343 912 2383 sandius
942 2343 1153 2396 possideret
1173 2343 1213 2382 in
1235 2342 1380 2383 cellula
1401 2343 1621 2383 habebatur
1644 2341 1715 2382 nisi
1745 2354 1900 2384 tantum

533 2413 659 2442 matta
679 2403 718 2442 in
740 2417 819 2456 qua
841 2402 996 2442 iacebat
1017 2402 1054 2442 &
1072 2403 1111 2441 in
1130 2401 1278 2455 angulo
1305 2416 1424 2441 unam
1441 2401 1668 2455 sportellam
1689 2416 1782 2441 cum
1805 2416 1902 2456 pau-

533 2462 590 2502 cis
605 2462 839 2514 paximaciis
851 2461 889 2501 &
900 2475 968 2502 vas
980 2475 1074 2501 cum
1085 2460 1160 2500 sale
1172 2461 1349 2511 modico,
1361 2462 1469 2514 quod
1482 2461 1548 2500 vix
1565 2462 1798 2514 repperiens
1810 2462 1902 2501 bea—

537 2520 678 2560 tiffima
694 2534 843 2573 paucos
864 2519 1012 2560 solidos
1039 2519 1175 2559 obruit
1199 2519 1250 2570 &,
1271 2529 1438 2572 accepta
1458 2520 1654 2571 oratione,
1674 2519 1904 2559 festinanter

535 2579 798 2632 egrediuntur
836 2592 886 2617 ne
917 2579 1048 2618 servus
1071 2577 1243 2617 Domini
1268 2589 1446 2631 repertos
1481 2577 1627 2617 eisdem
1661 2578 1901 2618 refunderet.

1915 1525 1937 1556 f.
1952 1536 2012 1566 250
2019 1537 2048 1564 a,
2065 1526 2121 1555 col.

536 2635 743 2676 Festinant
773 2636 893 2690 igitur
918 2647 1179 2690 properantes
1200 2637 1400 2690 aufugere.
1426 2637 1493 2677 Set
1518 2650 1644 2690 quum
1670 2637 1797 2676 homo
1820 2636 1900 2676 Dei
1938 2667 1941 2671 .

538 2694 735 2749 cogitaret
767 2709 905 2748 preces
927 2694 1143 2735 beatissime
1169 2709 1267 2748 quas
1298 2694 1354 2734 illi
1372 2706 1415 2735 ut
1442 2695 1645 2748 acciperet
1665 2696 1904 2749 proferebat,
1921 2704 2121 2746 f.250a‚c01.
