2131 3552
591 208 650 262 50
1197 197 1336 261 (326)

587 337 636 376 ab
657 337 713 378 eis
733 337 863 378 voluit
883 337 977 378 scire
998 337 1106 391 quod
1127 337 1336 377 nesciebat.
1371 337 1444 377 Sed
1467 351 1560 376 curn
1580 337 1722 377 veritas
1745 339 1799 377 rei
1821 338 1870 378 ab
1889 339 1946 379 eis

584 396 694 436 nulla
725 396 881 436 ratione
913 396 1037 449 poffet
1068 396 1301 450 investigari,
1335 396 1530 436 continuo
1552 396 1650 435 iussit
1685 409 1826 436 omnes
1856 397 1946 450 igne

584 455 768 505 cremari,
797 465 841 494 ut
860 454 922 494 vel
945 452 996 494 fic
1017 469 1086 494 eos
1107 465 1270 508 cogeret
1290 455 1453 495 monitis
1475 455 1640 493 obedire
1661 454 1819 505 divinis,
1845 469 1946 509 quos

585 514 632 554 ad
653 515 732 554 hoc
752 528 826 553 nec
848 513 1132 553 blandimentis
1154 524 1308 566 poterat
1329 527 1548 565 provocare
1568 527 1643 552 nec
1664 513 1795 553 minis.
1822 511 1946 554 ludaei

586 584 719 613 autem
754 571 910 611 sibimet
944 572 1035 611 inde
1057 572 1258 622 timentes,
1289 571 1327 611 δε
1361 572 1492 611 vivere
1526 571 1659 624 potius
1693 585 1814 625 quam
1846 573 1948 612 mori

585 632 806 684 cupientes,
836 631 1011 681 tandem,
1045 631 1091 669 ad
1123 629 1409 670 ostendendam
1445 630 1512 669 fibi
1543 631 1754 670 veritatem
1786 631 1950 682 nudam,

588 704 658 744 pro
689 689 724 728 se
754 688 942 729 omnibus
972 689 1220 729 tradiderunt
1248 687 1403 729 Iudam.
1440 688 1581 744 Quem
1612 703 1706 729 cum
1735 703 1810 728 nec
1831 689 1950 729 minis

587 761 746 799 terrere,
778 762 852 788 nec
883 747 1166 788 blandimentis
1193 748 1240 788 ad
1261 749 1340 788 hoc
1361 747 1485 801 posset
1505 747 1679 798 allicere,
1712 758 1756 787 ut
1776 748 1857 788 veri
1876 748 1950 788 ali-

588 808 683 861 quid
702 807 794 847 inde
811 807 931 848 vellet
944 808 1091 858 dicere,
1106 808 1300 847 continuo
1314 806 1524 859 suscipiens
1541 807 1590 846 de
1606 807 1794 847 omnibus
1811 821 1952 858 unum,

590 881 659 919 per
689 866 838 918 septem
861 867 945 907 dies
974 867 1074 907 iuffit
1099 881 1191 906 eum
1219 867 1257 905 in
1287 865 1375 906 lacu
1404 865 1545 905 servari
1577 865 1784 916 ieiunium,
1810 865 1952 919 usque-

589 940 684 978 quo,
718 925 866 978 septem
897 925 1036 965 diebus
1066 925 1250 974 evolutis,
1283 939 1329 964 ea
1357 924 1512 964 ratione
1543 924 1633 963 inde
1663 923 1698 963 se
1733 924 1952 976 postularet

591 984 721 1034 educi,
751 994 794 1023 ut
822 984 999 1023 debitam
1027 983 1255 1023 servitutem
1287 983 1519 1023 Dominicae
1548 982 1799 1035 impenderet
1827 984 1952 1024 cruci.

592 1042 680 1099 Qui
714 1057 807 1082 cum
841 1043 888 1082 ad
920 1043 1005 1082 haec
1036 1042 1155 1081 verba
1184 1042 1232 1081 de
1262 1042 1350 1082 lacu
1384 1040 1512 1081 fuiffet
1541 1041 1723 1092 eduffitus,
1755 1042 1952 1082 continuo

592 1101 825 1143 Christianis
863 1101 1052 1154 gaudium
1086 1101 1124 1142 &
1155 1099 1301 1140 Iudaeis
1331 1110 1441 1140 ortus
1474 1099 1529 1139 est
1564 1099 1717 1149 luetus3
1761 1100 1953 1154 quoniam

591 1174 732 1199 omnes
752 1157 876 1198 Iudaei
898 1159 966 1212 qui
987 1168 1264 1198 convenerant
1290 1158 1342 1197 ibi
1366 1158 1597 1197 invidebant
1625 1157 1742 1198 nobis
1772 1157 1810 1197 &
1837 1159 1954 1198 time-

591 1219 687 1258 bant
706 1217 786 1257 fibi.
809 1217 882 1257 Sed
905 1217 971 1256 ille
993 1217 1061 1270 qui
1082 1217 1136 1256 est
1150 1216 1248 1257 salus
1269 1216 1401 1256 nostra
1422 1216 1460 1255 in
1483 1227 1663 1268 tempore
1684 1216 1951 1257 tribulationis

593 1276 747 1323 (Psalm.
779 1274 1000 1326 XXXVI),
1035 1276 1215 1316 misertus
1243 1276 1312 1326 eis,
1332 1275 1369 1315 &
1398 1274 1576 1315 misertus
1612 1273 1667 1314 est
1695 1275 1825 1326 nobis,
1859 1277 1956 1315 dum

592 1334 804 1376 conversus
825 1334 871 1374 ad
895 1348 968 1374 nos
997 1335 1036 1374 &
1055 1334 1228 1374 reversus
1249 1334 1296 1374 ad
1318 1349 1400 1384 eos,
1435 1348 1480 1373 ea
1509 1333 1572 1373 die
1599 1333 1728 1374 voluit
1756 1334 1956 1374 laetificare

594 1394 841 1435 Christianos
862 1392 899 1433 &
920 1392 1150 1432 illuminare
1169 1391 1339 1433 Iudaeos.
1948 1438 1953 1445 .

648 1469 663 1488 «
686 1451 763 1492 Pro
792 1453 867 1492 hac
888 1452 1007 1505 igitur
1025 1451 1151 1502 causa,
1172 1466 1264 1491 curn
1287 1450 1396 1502 illuc,
1417 1450 1482 1489 ubi
1503 1450 1616 1491 locus
1643 1461 1727 1490 erat
1747 1449 1958 1502 Calvariae‚

595 1511 774 1564 undique
794 1508 1056 1550 concurrisset
1090 1510 1206 1550 turba
1240 1509 1366 1563 plebis
1401 1510 1564 1560 bifariae,
1597 1510 1833 1549 contrahere
1868 1523 1956 1563 pars

593 1570 719 1623 coepit
740 1569 786 1609 ad
806 1580 973 1622 partem,
993 1584 1044 1609 ne
1067 1584 1135 1622 per
1152 1567 1384 1608 Iudaeorum
1406 1569 1654 1621 impietatem
1674 1582 1734 1609 ars
1753 1568 1959 1609 deluderet

595 1639 730 1669 artem.
752 1626 870 1668 Iudas
892 1638 1026 1668 autem
1048 1628 1150 1668 inter
1171 1638 1336 1668 caeteros
1356 1627 1459 1667 stans
1481 1627 1520 1666 in
1541 1627 1758 1680 conspestu
1779 1626 1957 1667 filiorum

594 1688 820 1737 hominum,
850 1701 897 1726 ex
919 1686 1061 1726 intimo
1092 1687 1224 1727 cordis
1245 1687 1471 1726 orationem
1491 1686 1594 1725 hanc
1615 1685 1717 1725 fudit
1737 1685 1784 1725 ad
1807 1685 1957 1726 Domi-

595 1760 706 1796 num,
731 1755 928 1798 quatenus
949 1744 1028 1798 ipse
1050 1743 1119 1784 fibi
1141 1744 1355 1784 monstrare
1377 1745 1609 1797 dignaretur
1629 1744 1695 1784 ubi
1717 1742 1810 1784 esset
1830 1744 1959 1784 crucis

598 1804 831 1845 Dominicae
865 1801 973 1854 foffa,
1006 1804 1074 1856 qui
1109 1803 1243 1856 Moyfi
1271 1803 1477 1856 quondam
1512 1803 1634 1856 patris
1663 1802 1785 1842 nostri
1815 1801 1959 1856 loseph

597 1862 802 1902 ostendere
833 1862 1017 1915 dignatus
1047 1861 1102 1901 est
1131 1859 1222 1901 offa.
1254 1861 1328 1902 Sed
1357 1861 1549 1914 quoniam
1570 1860 1744 1900 eiusdem
1770 1860 1849 1901 loci
1869 1875 1959 1901 cer-

599 1932 684 1961 tum
699 1935 782 1960 non
799 1930 956 1974 poterat
973 1921 1150 1960 invenire
1170 1920 1392 1973 vestigium,
1412 1918 1482 1959 nifi
1504 1919 1638 1959 divina
1654 1919 1779 1972 pietas
1800 1919 1960 1961 coeleste

598 1980 761 2034 aliquod
783 1979 906 2019 vellet
926 1979 1198 2019 demonstrare
1221 1979 1464 2032 prodigium,
1484 1978 1575 2017 ideo
1597 1979 1644 2017 ad
1666 1978 1959 2019 informandam

598 2055 680 2080 non
702 2039 954 2079 credentium
974 2038 1082 2092 spem
1099 2039 1136 2079 &
1152 2040 1404 2079 credentium
1425 2037 1548 2077 fidem
1569 2037 1696 2077 subito
1713 2037 1826 2078 locus
1847 2052 1960 2077 com-

600 2108 734 2137 motus
755 2097 809 2136 est
840 2097 960 2136 idern.
995 2094 1158 2150 Insuper
1188 2098 1321 2147 etiam,
1350 2098 1397 2136 ad
1420 2095 1704 2136 declarandum
1726 2095 1959 2137 Dominicae

600 2157 728 2201 crucis
749 2155 916 2210 lignum,
945 2155 1051 2195 aliud
1073 2156 1269 2196 continuo
1296 2156 1474 2196 secutum
1502 2154 1556 2195 est
1574 2154 1740 2208 signum,
1772 2156 1882 2206 dum,
1911 2157 1958 2195 ad

601 2215 873 2255 edomandum
891 2228 960 2254 cor
975 2213 1204 2254 ludaeorum
1221 2215 1479 2265 indomitum,
1495 2214 1624 2254 statim
1641 2214 1690 2252 de
1707 2215 1851 2254 eodem
1867 2213 1960 2255 loco

601 2275 734 2315 fumus
755 2273 931 2313 ascendit
952 2284 1190 2313 aromatum.
1210 2271 1329 2313 Iudas
1350 2284 1497 2323 autem,
1513 2273 1580 2326 qui
1603 2272 1711 2325 prius
1731 2273 1834 2312 inter
1853 2272 1961 2326 spem

603 2333 802 2387 pendebat
823 2331 860 2372 δι
888 2343 1055 2383 metum,
1086 2346 1159 2385 pro
1180 2346 1355 2373 moerore
1375 2332 1500 2385 coepit
1528 2331 1673 2371 habere
1702 2331 1894 2384 gaudium
1923 2332 1960 2372 δι

604 2406 675 2445 pro
696 2391 842 2445 gaudio
863 2391 1016 2441 fletum,
1048 2392 1191 2444 gratias
1225 2390 1414 2430 videlicet
1445 2405 1564 2444 agens
1586 2389 1680 2430 Deo
1702 2389 1740 2428 in
1775 2390 1961 2430 univerfis

603 2465 692 2503 quae
721 2450 892 2503 gloriose
921 2450 1069 2491 fiebant
1098 2451 1146 2490 ab
1178 2464 1239 2489 e0.
1275 2449 1438 2490 Deinde
1465 2450 1510 2489 ad
1543 2459 1688 2488 terram
1709 2447 1744 2487 se
1766 2448 1961 2489 inclinans

603 2508 820 2560 humiliter,
849 2507 1011 2550 fossorio
1033 2519 1204 2562 arrepto,
1238 2508 1373 2548 fodere
1393 2509 1519 2562 coepit
1538 2508 1730 2548 viriliter:
1753 2507 1814 2548 sed
1837 2508 1875 2547 &
1896 2507 1958 2561 alij

605 2567 691 2620 post
721 2567 820 2607 alios
854 2568 1003 2608 tamdiu
1038 2582 1132 2607 cum
1160 2581 1208 2607 eo
1237 2568 1374 2607 fodere
1404 2577 1615 2620 coeperunt
1648 2566 1852 2620 usquequo
1888 2580 1961 2619 pro

605 2640 683 2665 una
698 2640 830 2677 cruce,
846 2640 967 2680 quam
983 2626 1227 2680 quaerebant,
1242 2636 1321 2666 tres
1338 2626 1484 2679 pariter
1502 2626 1751 2666 invenerunt.
1774 2625 1817 2667 O
1840 2638 1961 2679 quam

606 2685 704 2725 mira
723 2684 761 2725 &
791 2684 969 2726 inaudita
998 2699 1071 2735 res,
1103 2685 1211 2738 quod
1232 2698 1328 2724 crux
1350 2698 1428 2724 una
1448 2684 1709 2738 quaerebatur,
1729 2684 1767 2724 &
1788 2685 1961 2724 inventae
