2131 3552
752 288 892 352 (326)
1474 303 1532 356 39

171 449 224 488 ita
254 448 421 489 sacratus
452 448 597 488 divinis
627 446 797 499 vestigiis
827 446 987 495 dicitur,
1021 457 1063 486 ut
1084 460 1306 499 numquam
1328 447 1406 499 tegi
1428 461 1533 486 mar-

171 521 284 546 more
313 507 436 560 paviri
468 505 674 558 receperit,
709 505 861 557 semper
891 505 1056 544 excussis
1081 504 1162 544 solo
1195 504 1414 557 respuente,
1445 520 1533 558 quae

171 580 311 606 manus
343 565 563 604 adornandi
592 563 720 603 studio
752 564 921 603 tentavit
957 577 1170 616 apponere.
1205 563 1346 617 Itaque
1377 565 1414 603 in
1447 575 1533 603 toto

171 623 338 664 bafilicae
361 623 483 676 spatio
507 622 609 662 solus
631 623 669 661 in
692 622 744 660 sui
767 621 924 675 cespitis
945 621 1073 674 specie
1095 623 1226 662 virens
1249 634 1475 674 permanet;
1496 622 1533 662 δι

170 681 397 736 impreffam
419 681 650 720 divinorum
673 680 821 733 pedum
843 681 1143 720 venerationem
1165 681 1306 720 calcati
1330 681 1423 721 Deo
1446 681 1535 734 pul-

170 742 272 781 veris
295 740 500 794 perspicua
517 737 628 778 fimul
646 740 682 779 ὃ(
705 739 855 792 attigua
876 740 1156 779 venerantibus
1178 754 1296 779 arena
1315 740 1536 790 conservat,

171 811 213 840 ut
246 799 430 839 veredici
460 798 591 851 possit:
618 817 632 834 «
665 798 937 838 Adoravimus
960 798 1025 837 ubi
1055 798 1247 838 steterunt
1269 798 1390 851 pedes
1411 800 1495 838 eius
1515 813 1532 837 »

170 858 339 911 (Psalm,
359 870 502 906 cxxm,
523 866 572 909 7).

224 934 238 953 «
265 916 370 956 Sed
363 931 400 955 in
423 915 582 955 historia
602 917 733 956 crucis
754 916 925 967 accipite
955 929 1146 969 magnum
1168 915 1206 955 &
1227 930 1320 955 vere
1353 916 1535 955 divinum

168 974 422 1015 miraculum.
454 974 610 1027 Regina
640 974 706 1013 illa
732 974 982 1024 venerabilis,
1013 985 1055 1014 ut
1081 975 1192 1013 venit
1223 974 1537 1031 Hierosolymam,

168 1034 381 1087 diligenter
415 1033 453 1072 δε
489 1034 552 1086 pie
587 1032 686 1073 locis
731 1032 812 1072 illic
846 1031 884 1072 &
920 1033 1025 1072 circa
1060 1034 1268 1083 omnibus,
1304 1033 1535 1073 divinorum

167 1091 322 1132 curiosa
344 1090 570 1145 insignium,
590 1091 628 1131 δι
649 1091 777 1131 oculis
799 1092 956 1130 haurire
977 1091 1145 1144 gestiens
1167 1091 1288 1131 fidem
1318 1106 1438 1146 quam
1461 1093 1536 1145 piis

156 1150 327 1191 -auribus
358 1150 575 1204 litterisque
609 1161 855 1204 perceperat,
887 1162 1049 1188 crucem
1072 1149 1242 1189 Domini
1265 1149 1536 1192 studiofiffime

167 1210 368 1262 inquirere
384 1209 522 1249 adorsa
541 1210 606 1249 est.
629 1209 702 1249 Sed
721 1223 810 1262 quae
831 1209 894 1247 via
908 1207 972 1247 vel
992 1209 1092 1247 ratio
1110 1209 1341 1248 inveniendi
1359 1208 1537 1259 subeffet,

167 1282 260 1307 cum
291 1268 411 1308 index
442 1269 610 1308 idoneus
640 1282 760 1307 nemo
790 1267 960 1306 inveniri
984 1265 1121 1319 posset,
1149 1268 1215 1306 ubi
1237 1269 1477 1308 memoriam
1499 1269 1537 1309 &

166 1341 303 1367 curam
338 1327 532 1381 religiosae
572 1328 827 1367 conscientiae
862 1326 925 1365 vel
959 1326 1216 1366 observantiae
1248 1326 1286 1366 &
1320 1328 1536 1381 antiquitas

167 1386 240 1425 aevi
275 1385 313 1426 &
339 1385 625 1439 superstitionis
658 1386 789 1437 impiae
820 1386 1060 1425 diuturnitas
1088 1384 1343 1425 aboleviffet?
1381 1387 1537 1426 Verum

169 1444 250 1497 ipso
280 1445 464 1484 omnium
486 1444 523 1484 δι
554 1445 667 1484 terris
689 1445 725 1484 ἃ
749 1445 890 1484 animis
923 1455 1161 1496 opertorum
1192 1444 1352 1484 conscio
1383 1444 1537 1484 &teste

169 1502 370 1554 Domino,
389 1502 519 1543 fidelis
548 1503 693 1543 mulier
713 1503 890 1543 san6'wm
912 1503 1104 1555 Spiritum
1127 1517 1195 1556 per
1215 1503 1403 1543 affe&um
1426 1504 1537 1557 pium

167 1562 334 1601 meruit:
358 1577 439 1615 quo
457 1562 666 1615 aspirante,
686 1577 779 1602 cum
800 1576 885 1601 rem
907 1562 954 1600 ab
976 1562 1151 1600 humana
1171 1561 1415 1601 conscientia
1435 1563 1537 1602 divi-

166 1620 272 1660 nitus
305 1631 501 1659 remotam
538 1621 676 1660 frustra
711 1620 880 1673 diligens
912 1618 1142 1672 requififfet,
1176 1620 1224 1659 de
1254 1619 1347 1659 loco
1381 1631 1537 1660 tantum

168 1678 351 1732 passionis
373 1679 520 1718 certior
540 1679 626 1718 fieri
644 1679 805 1718 studuit.
827 1677 969 1731 Itaque
986 1692 1067 1718 non
1089 1677 1216 1717 solum
1234 1679 1282 1718 de
1300 1679 1537 1720 Christianis

167 1737 353 1777 doctrina
373 1737 411 1777 δε
431 1738 634 1777 sa11ffitate
668 1738 808 1791 plenos
836 1738 958 1787 viros,
988 1736 1049 1776 sed
1072 1736 1109 1776 &
1131 1737 1180 1776 de
1206 1735 1351 1777 Iudaeis
1382 1737 1537 1791 peritis-

166 1795 297 1846 fimos,
319 1808 363 1836 ut
383 1797 570 1849 propriae,
591 1811 670 1850 qua
690 1796 816 1835 miseri
835 1796 873 1836 &
889 1795 1125 1849 gloriantur,
1146 1797 1364 1849 impietatis
1386 1796 1538 1837 indices

166 1853 391 1919 exquisivit,
434 1855 472 1895 &
506 1856 656 1895 accitos
697 1856 735 1894 in
769 1855 1066 1912 Hierosolymam
1110 1855 1380 1920 congregavit.
1421 1855 1537 1895 Tum

166 1914 351 1952 omnium
384 1928 462 1953 una
494 1914 542 1953 de
564 1914 655 1953 loco
678 1913 964 1953 testificationis
996 1914 1051 1963 (id
1077 1921 1123 1965 est
1151 1914 1327 1966 martyrij
1348 1914 1421 1970 seu
1452 1913 1537 1967 pas-

166 1969 299 2022 fionis,
333 1982 374 2012 ut
386 1973 530 2028 supra)
522 1971 815 2023 )confirmata,
847 1972 950 2012 iuffit
970 1972 1093 2022 illico,
1125 1984 1292 2025 urgente
1313 1970 1393 2011 fine
1414 1973 1537 2012 dubio

167 2042 379 2084 conceptae
400 2031 660 2071 revelationis
684 2004 914 2081 instin’ffitu,
908 2046 945 2070 in
971 2004 1097 2084 ipsuni
1117 2031 1255 2070 locum
1276 2045 1443 2087 operam
1463 2031 1539 2070 fos-

166 2087 286 2129 fionis
329 2091 507 2143 accingi3
549 2101 764 2143 parataque
800 2105 895 2129 mox
934 2090 1085 2129 civium
1126 2090 1273 2142 pariter
1306 2090 1343 2130 &
1377 2086 1535 2129 militari

166 2161 306 2198 manu,
327 2148 438 2188 brevi
460 2149 639 2188 laborem
665 2149 772 2188 istius
793 2148 1016 2188 molitionis
1037 2146 1183 2197 hauslt3
1212 2149 1250 2189 δε
1270 2160 1411 2188 contra
1431 2148 1538 2202 spem

167 2207 375 2257 omnium,
413 2207 475 2247 sed
512 2208 728 2247 secundum
765 2207 881 2260 ipsius
921 2218 1075 2246 tantum
1112 2207 1260 2260 reginae
1292 2206 1428 2258 fidem,
1461 2207 1539 2247 alta

165 2264 371 2318 egestione
392 2265 571 2306 reseratis
595 2277 706 2305 terrae
726 2264 886 2316 finibus,
915 2266 1060 2305 abditae
1081 2266 1211 2306 crucis
1233 2279 1377 2305 arcana
1397 2277 1538 2318 patue-

168 2335 273 2364 runt.
296 2323 372 2364 Sed
395 2339 490 2364 cum
512 2335 589 2364 tres
611 2325 757 2377 pariter
777 2338 932 2375 cruces,
954 2336 996 2364 ut
1015 2324 1222 2378 quondam
1241 2323 1330 2364 fixae
1351 2323 1538 2364 Domino

166 2382 204 2422 &
233 2382 455 2423 latronibus
470 2383 672 2433 steterant,
689 2394 858 2435 repertae
874 2381 1044 2434 fuiffent,
1064 2382 1276 2436 gratulatio
1291 2393 1538 2435 repertarum

166 2442 292 2494 coepit
328 2442 444 2482 anxia
479 2442 731 2481 dubitatione
760 2443 969 2492 confundi,
1003 2442 1102 2482 iusto
1138 2442 1296 2495 piorum
1330 2452 1456 2492 metu,
1488 2457 1539 2482 ne

166 2498 329 2540 forfitan
363 2512 430 2540 aut
463 2514 534 2553 pro
562 2515 682 2541 cruce
705 2498 877 2540 Domini
900 2500 1126 2553 patibulum
1146 2500 1314 2540 latronis
1335 2499 1540 2554 eligerent,

167 2568 237 2597 aut
257 2557 423 2598 salutare
453 2558 608 2612 lignum
639 2573 709 2611 pro
736 2559 867 2612 stipite
895 2559 1061 2599 latronis
1082 2558 1309 2598 abiiciendo
1330 2558 1537 2599 violarent.

168 2616 359 2670 Respexit
394 2618 477 2670 pias
510 2617 681 2657 fideliter
710 2617 964 2657 aestuantium
994 2632 1109 2658 curas
1142 2617 1364 2667 Dominus,
1397 2617 1435 2657 δε
1469 2616 1538 2671 ips1

169 2676 430 2728 potiffimum,
456 2691 546 2730 quae
568 2687 650 2716 tam
673 2677 748 2729 piae
768 2676 1048 2717 sollicitudinis
1079 2677 1264 2730 princeps
1294 2686 1392 2726 erat,
1419 2676 1538 2716 huius

168 2734 320 2788 consilij
352 2734 488 2775 lumen
520 2735 680 2785 infudit,
713 2746 756 2775 ut
789 2735 965 2789 aliquem
993 2749 1132 2775 recens
1161 2745 1369 2775 mortuum
1388 2734 1537 2787 inquiri

169 2792 207 2834 &
225 2793 356 2833 inferri
375 2794 541 2834 iuberet.
562 2794 655 2834 Nec
672 2808 799 2844 mora,
821 2794 987 2834 verbum
1004 2794 1168 2844 factum,
1188 2793 1359 2833 cadaver
1381 2791 1536 2835 illatum
