2131 3552
624 214 711 262 194
1227 202 1365 265 (518)

671 367 686 388 z
713 349 895 391 Processu
912 365 1007 391 vero
1029 351 1221 405 temporis
1241 353 1508 394 crescentibus
1529 368 1622 393 cum
1642 364 1759 395 aetate
1779 355 1976 394 virtutum

615 410 780 460 meritis,
807 410 928 450 notite
949 411 1123 463 quadam
1143 411 1184 450 in
1211 411 1357 452 somnis
1378 412 1498 452 astitit
1517 412 1682 465 angelus
1705 414 1804 466 patri
1827 412 1978 464 David,

614 469 751 510 dicens
772 469 809 509 &
829 467 996 509 firmiter
1021 470 1248 524 iniungens,
1274 482 1317 511 ut
1343 472 1382 510 in
1405 471 1573 511 crastino
1603 485 1719 511 mane
1742 474 1816 511 iter
1837 472 1977 530 Jeroso-

612 527 822 567 limitanum
845 528 1124 568 incun&anter
1143 529 1343 582 arriperet,
1369 530 1547 583 duosque
1575 529 1642 569 fibi
1670 530 1798 571 socios
1824 530 1862 570 &
1889 543 1977 583 par-

613 587 755 640 ticipes
794 587 892 626 tanti
926 586 1072 627 laboris
1107 589 1359 641 adiungeret,
1397 588 1517 628 Eliud
1558 588 1726 640 scilicet,
1765 590 1833 642 qui
1867 603 1976 628 nunc

611 645 782 686 Teliaus
798 645 919 699 vulgo
940 656 1119 698 vocatur,
1139 647 1177 686 &
1194 645 1409 686 Paternum
1421 665 1432 696 ;
1453 661 1626 701 quorum
1647 648 1858 688 amborum
1878 662 1976 687 con-

612 705 778 744 versatio
807 705 895 745 satis
915 705 1048 744 eidem
1072 715 1170 745 nota
1193 707 1332 745 fuerat.
1362 705 1498 746 David
1520 716 1655 746 autem
1676 706 1876 747 admirans
1898 707 1975 745 im-

613 764 708 817 perij
727 764 1050 814 maturationem,
1065 763 1290 817 respondit:
1315 782 1329 801 «
1353 764 1570 820 Quantum
1590 766 1631 804 in
1649 779 1713 804 me
1729 764 1796 816 est,
1817 776 1975 817 paratus

615 840 629 860 «
647 822 729 862 sum
747 823 786 862 in
809 822 996 863 omnibus
1013 823 1196 872 obedire3
1212 823 1274 863 sed
1293 838 1394 877 quos
1412 823 1510 863 mihi
1527 825 1697 864 comites
1718 834 1797 863 tam
1815 822 1975 865 festinos

614 897 629 917 «
646 881 841 935 adiungis,
853 881 972 921 trium
984 883 1138 922 dierum
1150 882 1274 935 spatio
1289 882 1327 922 δι
1339 882 1488 923 anobis
1500 882 1538 922 &
1549 883 1597 922 ab
1610 882 1784 922 invicem
1794 881 1972 922 distant.»

612 940 689 980 Cui
712 940 896 994 angelus:
939 957 955 978 «
979 941 1046 981 Ne
1067 941 1272 993 sollicitus,
1303 943 1446 996 inquit,
1477 942 1592 996 super
1620 957 1760 983 eorum
1787 943 1975 992 adventu,

614 1014 628 1033 «
646 999 739 1051 quia
750 998 829 1040 fine
845 1001 1080 1041 difficultate
1093 1001 1163 1040 tibi
1176 1015 1260 1041 cras
1272 1001 1402 1041 obiter
1416 1012 1641 1041 occurrent.
1658 1018 1672 1037 ›>
1693 1001 1828 1041 David
1841 1010 1973 1040 autem

610 1055 763 1096 summo
785 1072 902 1098 mane
923 1073 1064 1112 parens
1084 1060 1276 1112 imperiis,
1297 1059 1488 1112 dispofitis
1509 1060 1639 1099 statim
1660 1061 1823 1100 fratrum
1839 1059 1974 1099 neces-

609 1113 806 1167 fitatibus,
836 1127 1082 1171 acceptaque
1113 1118 1349 1157 eorumdem
1380 1118 1684 1169 benedictione,
1713 1134 1794 1158 non
1829 1132 1975 1172 magno

608 1185 812 1226 apparatu,
839 1190 921 1215 non
951 1175 1196 1229 sumptuoso,
1223 1177 1478 1216 continenter
1506 1177 1579 1217 iter
1605 1178 1779 1231 arripuit.
1810 1176 1864 1216 Et
1889 1191 1971 1216 non

607 1232 730 1285 longo
752 1233 972 1287 progreffus
994 1235 1148 1286 itinere,
1179 1233 1395 1287 praemiffos
1425 1236 1552 1275 socios
1574 1237 1621 1275 ad
1644 1237 1819 1275 eundem
1841 1235 1974 1275 secum

606 1291 785 1331 laborem
812 1304 993 1345 promtos
1015 1294 1179 1333 invenit.
1209 1292 1327 1333 Ibant
1354 1294 1489 1348 itaque
1515 1295 1754 1346 gaudentes,
1784 1294 1975 1347 angelicis

606 1349 694 1389 fulti
722 1350 892 1400 solatiis;
918 1352 1029 1392 ibant
1049 1351 1088 1392 δι
1107 1353 1340 1401 unanimes3
1367 1363 1463 1405 puta
1483 1352 1628 1406 quibus
1649 1354 1818 1392 omnino
1847 1354 1975 1392 fuerat

606 1409 730 1450 tribus
761 1410 800 1449 in
821 1411 1060 1464 corporibus
1089 1421 1282 1464 tanquam
1308 1412 1464 1452 animus
1493 1426 1605 1452 unus.
1635 1411 1762 1452 Nulla
1781 1412 1883 1451 inter
1903 1425 1972 1451 eos

605 1470 829 1519 contentio,
855 1469 966 1508 nulla
987 1469 1203 1523 disparitas,
1228 1470 1340 1510 nulla
1360 1470 1563 1510 discordia.
1593 1470 1780 1510 Tantum
1807 1471 1845 1510 in
1875 1469 1974 1524 psal-

605 1528 700 1578 mis,
732 1528 892 1582 hymnis
925 1528 963 1569 &
1000 1529 1167 1570 canticis
1196 1528 1463 1582 spiritualibus
1497 1529 1718 1583 divinisque
1752 1528 1973 1583 colloquiis

605 1587 689 1626 dies
710 1586 748 1627 δε
768 1588 908 1628 nostes
925 1587 1269 1628 consummabant.
1301 1588 1410 1628 Cum
1426 1597 1561 1627 autem
1583 1589 1713 1640 primo
1735 1598 1842 1628 trans
1866 1601 1974 1627 mare

608 1644 801 1686 Gallicum
822 1646 860 1686 δι
882 1647 1016 1700 postea
1036 1647 1368 1687 Mediterraneum
1388 1646 1549 1699 navigio
1570 1646 1690 1697 vesti,
1711 1646 1882 1687 diversas
1903 1661 1974 1687 na-

605 1704 763 1744 tionum
789 1704 945 1758 linguas
972 1706 1168 1756 audirent,
1195 1718 1306 1744 more
1332 1704 1553 1760 apostolico
1575 1705 1759 1744 omnium
1785 1706 1973 1745 notitiam

603 1763 729 1816 gratia
744 1764 937 1805 divinitus
957 1763 1113 1804 indulta
1128 1778 1270 1804 omnes
1291 1764 1535 1812 habuerunt3
1556 1764 1743 1816 quatinus
1761 1764 1863 1804 inter
1878 1763 1974 1804 alie-

603 1822 768 1874 nigenas
795 1823 1013 1876 interprete
1040 1837 1122 1862 non
1153 1823 1392 1876 indigerent,
1419 1822 1457 1862 &
1483 1822 1563 1862 fide
1596 1823 1828 1863 vacillantes
1850 1823 1972 1863 verbo

605 1882 750 1933 pariter
764 1881 802 1921 δι
818 1896 939 1935 opere
955 1881 1251 1921 confirmarent.
1279 1881 1715 1934 Appropinquantibus
1732 1891 1866 1921 autem
1883 1881 1970 1921 urbi

604 1938 923 1995 lerosolimitanae,
952 1941 1073 1980 noete
1102 1941 1287 1994 proxima
1312 1950 1404 1979 ante
1436 1953 1576 1979 eorum
1603 1941 1822 1979 adventum
1848 1953 1972 1993 appa-

605 1999 683 2038 ruit
703 2000 935 2052 patriarchae
955 2000 995 2039 in
1017 1999 1164 2040 somnis
1185 1998 1367 2052 Angelus
1389 1998 1546 2039 dicens:
1572 2014 1587 2035 «
1608 1998 1714 2038 Tres
1739 1998 1809 2038 tibi
1830 1999 1903 2038 viri
1924 1999 1973 2039 ab

606 2074 622 2094 «
643 2058 823 2098 occiduis
839 2057 987 2099 finibus
1002 2058 1193 2099 catholici
1210 2058 1248 2098 &
1264 2058 1382 2098 amici
1400 2056 1482 2097 Dei
1498 2071 1585 2097 cras
1601 2057 1826 2096 advenient.
1850 2055 1972 2112 Quos

605 2132 621 2153 «
642 2131 735 2155 cum
756 2118 903 2170 gaudio
922 2131 1068 2170 magno
1090 2117 1127 2157 δι
1147 2115 1424 2170 hospitalitatis
1440 2116 1565 2168 gratia
1585 2115 1756 2168 benigne
1776 2114 1972 2169 suscipias,

606 2192 621 2212 ‹<
642 2174 679 2215 δε
694 2175 879 2215 abbatem
895 2176 1083 2228 ipsorum,
1096 2176 1158 2216 cui
1177 2190 1327 2216 nomen
1342 2174 1492 2224 David,
1508 2173 1666 2214 Christo
1680 2174 1719 2213 in
1736 2173 1970 2228 episcopum

605 2251 621 2270 «
643 2233 680 2274 &
696 2233 790 2274 fidei
806 2235 1062 2274 fundatorem
1080 2234 1339 2275 consecrabis.
1361 2250 1376 2270 »
1408 2232 1637 2273 Patriarcha
1652 2246 1746 2272 vero
1766 2231 1852 2285 post
1867 2233 1970 2273 hanc

602 2291 795 2332 visionem
819 2304 896 2334 tres
921 2294 1029 2334 sedes
1048 2292 1367 2333 honoratissimas
1388 2291 1543 2331 summo
1565 2305 1682 2330 mane
1705 2292 1830 2344 parari
1854 2291 1970 2342 iuffit,

603 2352 747 2405 quibus
775 2362 851 2393 tres
882 2352 1067 2406 personas
1094 2353 1251 2392 honore
1271 2351 1510 2404 dignissimas
1539 2348 1763 2390 honorifice
1792 2349 1969 2403 suscepit.

604 2410 726 2466 Quos
747 2425 840 2450 cum
865 2411 1005 2452 diebus
1027 2410 1181 2464 aliquot
1209 2409 1452 2463 gratulanter
1480 2408 1612 2448 secum
1634 2407 1671 2448 δε
1693 2408 1968 2450 decentissime

602 2467 799 2521 tenuisset,
820 2481 972 2523 patrem
993 2468 1127 2510 David
1149 2468 1341 2508 divinitus
1356 2467 1531 2507 eledfflm
1551 2466 1680 2506 statim
1697 2466 1967 2507 consecrando

602 2528 641 2566 in
671 2527 905 2581 episcopum
933 2529 1067 2568 debita
1095 2527 1330 2567 solennitate
1362 2525 1556 2579 provexit.
1596 2523 1760 2579 Quibus
1787 2526 1828 2565 in
1859 2526 1967 2567 hunc

602 2586 771 2626 modum
790 2588 864 2626 rite
886 2587 1071 2640 peraetis,
1099 2587 1293 2640 quoniam
1313 2599 1360 2624 ea
1380 2583 1612 2638 tempestate
1634 2583 1849 2624 Iudaeorum
1868 2598 1968 2637 gen-

602 2644 734 2684 tilium
763 2645 873 2684 furor
901 2646 941 2684 in
971 2644 1298 2685 christianitatem
1328 2643 1446 2683 nimis
1478 2641 1716 2693 invaluerat,
1747 2643 1968 2694 patriarcha

601 2703 760 2742 monuit
780 2702 817 2742 &
840 2703 1005 2743 monitis
1026 2702 1216 2752 obtinuit,
1242 2712 1285 2741 ut
1313 2701 1444 2741 secum
1466 2702 1506 2741 in
1530 2699 1697 2741 Orientis
1717 2698 1965 2753 aliquamdiu
