2131 3552
789 297 927 361 (326)
1473 312 1530 362 37

168 460 328 498 cemodi
352 459 398 498 ad
423 457 560 498 Deum
582 470 742 511 precem
764 455 961 508 profudit.
998 473 1011 491 «
1037 454 1122 504 Tu,
1156 453 1350 503 Domine,
1372 455 1438 507 qui
1464 470 1533 507 per

171 535 186 554 «
206 517 472 571 Unigenitum
493 516 621 556 filium
638 526 751 554 tuum
773 514 982 553 salutarem
1003 514 1136 567 generi
1160 513 1336 552 humano
1360 527 1429 564 per
1451 513 1533 565 pas-

171 576 355 616 «sionem
377 576 505 615 crucis
526 574 705 614 conferre
727 574 912 626 dignatus
945 587 998 622 es,
1033 572 1070 611 ὅτ,
1101 586 1207 610 nunc
1244 572 1281 610 in
1318 571 1533 610 noviffimis

171 654 185 672 <‹
209 636 458 688 temporibus
471 633 667 687 adspirasti
684 634 723 672 in
735 633 859 673 corde
874 632 1030 672 ancillae
1045 644 1121 671 tuae
1139 631 1364 684 perquirere
1381 630 1533 684 lignum

172 712 185 731 «
208 695 382 744 beatum,
404 694 441 732 in
464 707 545 746 quo
567 692 665 732 salus
686 692 819 731 nostra
841 692 1045 744 pependit,
1077 690 1238 729 ostende
1259 689 1466 728 evidenter
1486 704 1533 728 ex

171 772 185 790 «
207 754 267 792 his
289 753 426 803 tribus,
448 767 537 805 quae
557 765 652 790 crux
676 752 793 790 fuerit
815 751 860 789 ad
887 750 1151 790 Dominicam
1172 748 1340 801 gloriam
1362 748 1424 787 vel
1448 762 1536 801 quae

171 829 186 848 ‹
207 811 381 850 extiterit
402 811 448 849 ad
467 809 604 849 servile
623 809 877 863 supplicium,
899 819 941 848 ut
962 810 1046 848 haec
1064 809 1222 857 mulier,
1244 822 1333 860 quae
1349 805 1536 845 semiviva

171 886 187 909 «
207 870 426 919 decumbit,
446 869 576 908 statim
595 881 637 908 ut
653 883 742 908 eam
759 869 912 920 lignum
931 867 1095 906 salutare
1110 867 1338 920 contigerit,
1359 878 1380 903 a
1397 863 1536 902 mortis

172 946 186 966 «
208 928 334 967 ianuis
357 938 569 967 revocetur
592 929 638 967 ad
661 928 784 967 vitam
811 944 840 966 ».
863 926 916 966 Et
936 941 1031 966 cum
1051 927 1136 965 haec
1158 922 1325 974 dixisset,
1355 922 1538 962 adhibuit

170 987 299 1040 primo
322 1000 440 1026 unam
462 1000 510 1025 ex
533 987 672 1036 tribus,
694 986 730 1026 δι.
752 985 851 1025 nihil
873 986 1057 1038 profecit.
1091 983 1291 1024 Adhibuit
1311 980 1539 1030 secundam,

169 1045 207 1086 δι
228 1060 278 1085 ne
299 1046 464 1098 quidem
490 1044 640 1098 aliquid
672 1045 806 1084 actum
839 1045 905 1084 est.
942 1044 1000 1084 Ut
1029 1058 1125 1083 vero
1157 1042 1338 1082 admovit
1371 1043 1539 1089 tertiam,

168 1114 333 1156 repente
366 1103 564 1155 adapertis
607 1103 735 1143 oculis
776 1102 919 1142 mulier
961 1102 1224 1151 consurrexit,
1257 1100 1295 1140 &
1328 1099 1539 1139 stabilitate

170 1161 317 1200 virium
341 1172 515 1214 recepta,
541 1162 711 1201 alacrior
743 1161 871 1200 multo
902 1174 1023 1214 quam
1050 1173 1144 1199 cum
1174 1159 1263 1198 sana
1292 1159 1430 1207 fuerat,
1458 1166 1542 1195 tota

171 1220 295 1259 domo
325 1220 544 1260 discurrere
571 1220 609 1260 &
638 1219 894 1273 magnificare
928 1219 1007 1259 Dei
1041 1219 1264 1271 potentiam
1294 1217 1432 1269 coepit.
1465 1214 1542 1263 Sic,

171 1279 347 1318 evidenti
379 1279 543 1329 indicio,
570 1280 706 1333 regina
734 1280 816 1319 voti
835 1293 1005 1332 compos
1035 1277 1191 1327 effecta,
1212 1276 1410 1329 templum
1428 1274 1541 1313 miri-

171 1337 294 1377 ficum
326 1338 365 1377 in
387 1352 434 1377 eo
458 1338 564 1389 loco,
597 1339 634 1377 in
657 1353 738 1391 quo
761 1352 925 1377 crucem
947 1347 1164 1390 repererat,
1195 1336 1301 1389 regia
1321 1333 1542 1374 ambitione

172 1396 404 1437 construxit.
436 1397 585 1438 Clavos
607 1412 785 1451 quoque,
807 1397 951 1451 quibus
972 1409 1119 1448 corpus
1140 1395 1393 1434 dominicum
1415 1393 1543 1432 fuerat

173 1456 350 1505 affixum,
378 1467 510 1509 portat
531 1457 578 1496 ad
609 1455 750 1495 filium.
784 1456 846 1495 Ex
875 1456 1020 1509 quibus
1048 1454 1114 1494 ille
1143 1454 1275 1493 frenos
1305 1451 1544 1504 composuit,

173 1514 319 1568 quibus
349 1525 525 1554 uteretur
554 1515 600 1555 ad
634 1514 798 1565 bellum,
833 1515 870 1554 δε
901 1529 948 1554 ex
978 1513 1065 1553 aliis
1094 1513 1249 1566 galeam
1279 1510 1543 1551 nihilominus

173 1570 266 1610 belli
289 1571 418 1611 ufibus
444 1584 579 1626 aptam
609 1573 732 1612 fertur
753 1572 927 1612 armasse.
962 1571 1083 1624 Ligni
1103 1585 1200 1610 vero
1232 1569 1349 1623 ipfius
1370 1567 1544 1608 salutaris

174 1640 330 1681 partem
360 1631 504 1671 detulit
531 1631 628 1682 filio,
660 1643 816 1685 partem
838 1645 932 1671 vero
961 1631 1086 1670 thecis
1119 1628 1316 1682 argenteis
1338 1627 1545 1667 conditam

173 1688 389 1742 dereliquit
419 1690 458 1729 in
486 1690 600 1740 loc03
631 1706 721 1745 quae
751 1691 872 1730 etiam
901 1703 1008 1729 nunc
1038 1689 1084 1728 ad
1117 1687 1358 1727 memoriam
1378 1685 1547 1725 sollicita

173 1748 432 1788 veneratione
453 1748 641 1789 servatur.

230 1824 245 1843 «
266 1806 450 1860 Reliquit
470 1809 590 1848 etiam
610 1809 690 1848 hoc
711 1808 906 1848 indicium
926 1804 1097 1860 religiosi
1119 1806 1241 1846 animi
1264 1805 1402 1858 regina
1422 1817 1544 1842 vene-

176 1865 329 1906 rabilis:
356 1867 542 1919 virgines,
575 1881 673 1920 quas
701 1867 754 1906 ibi
776 1867 924 1920 reperit
954 1866 1049 1906 Deo
1081 1865 1264 1914 sacratas,
1294 1860 1471 1902 invitaffe
1498 1861 1545 1900 ad

176 1925 402 1978 prandium,
423 1925 461 1965 &
478 1936 586 1965 tanta
602 1940 667 1966 eas
684 1926 902 1965 devotione
924 1923 1075 1964 curasse
1092 1924 1253 1974 dicitur,
1273 1934 1316 1962 ut
1333 1922 1546 1974 indignum

175 1983 366 2035 crederet,
396 1983 422 2023 s1
453 1984 696 2024 famulorum
726 1996 934 2024 uterentur
965 1984 1121 2034 officiis,
1156 1982 1219 2022 sed
1250 1981 1331 2035 ipsa
1363 1979 1546 2019 manibus

175 2042 263 2093 suis,
292 2043 452 2084 famulae
482 2045 621 2084 habitu
649 2044 862 2094 suceimsta,
902 2043 1040 2082 cibum
1073 2051 1315 2095 apponeret,
1350 2038 1545 2092 poculum

176 2102 409 2156 porrigeret,
446 2117 591 2156 aquam
621 2103 805 2143 manibus
846 2103 1088 2152 infunderet,
1122 2101 1161 2141 ὅτ
1189 2100 1326 2153 regina
1362 2098 1470 2137 orbis
1502 2110 1546 2136 ac

176 2171 301 2201 mater
330 2162 502 2216 imperij,
533 2162 772 2202 famularum
806 2162 954 2202 Christi
990 2161 1025 2200 se
1056 2160 1288 2200 famulatam
1321 2158 1546 2210 deputaret.

176 2219 232 2260 Et
249 2221 335 2260 haec
356 2221 520 2274 quidem
543 2221 768 2274 [erosolymis
787 2221 907 2274 gesta.
935 2237 950 2256 »

271 2310 440 2355 [Rus-inus,
457 2311 532 2356 Htst.
551 2309 667 2353 eccle-fi,
684 2311 706 2344 l.
726 2312 754 2352 Ι,
778 2323 805 2345 ε.
828 2314 884 2352 7-8
911 2309 1059 2354 (Migne‚
1088 2310 1179 2342 Patr.
1198 2308 1269 2350 lat.,
1294 2309 1391 2348 XXI,
1418 2318 1444 2339 c.
1463 2318 1548 2349 475-

177 2364 290 2409 477)·]

234 2468 250 2488 <x
274 2450 391 2491 Tum
411 2449 605 2504 fiquidem
626 2446 889 2505 Hierosolyma
916 2449 1085 2489 horrens
1116 2447 1254 2497 ruinis,
1283 2444 1549 2499 frequentiffi-

179 2509 254 2549 mis
274 2523 320 2549 ac
340 2508 734 2563 magnificentiffimis
755 2507 929 2548 ecclefiis
950 2507 1005 2547 est
1030 2508 1247 2554 adornata3
1267 2517 1443 2556 namque
1464 2502 1550 2542 He-

180 2567 283 2618 lena,
316 2578 444 2608 mater
478 2568 669 2621 principis
691 2567 794 2620 regis
830 2565 1101 2616 Constantini,
1122 2579 1212 2617 quae
1241 2561 1424 2616 Augusta
1455 2575 1549 2601 cum

180 2627 264 2667 filio
291 2627 577 2681 conregnabat,
597 2641 691 2667 cum
718 2626 1015 2682 Hierosolymam
1046 2623 1260 2679 agnoscere
1290 2618 1551 2674 concupisset,

180 2697 338 2741 reperta
357 2686 412 2726 ibi
432 2686 540 2726 idola
560 2701 605 2726 ac
627 2685 778 2739 templa
806 2685 1012 2739 protrivit3
1042 2698 1139 2723 mox
1161 2681 1226 2721 usa
1250 2681 1362 2735 regni
1386 2679 1549 2729 viribus,

182 2745 358 2787 bafilicas
374 2746 412 2785 in
430 2744 523 2785 loco
540 2745 773 2786 Dominicae
789 2744 970 2797 paffionis
985 2743 1024 2783 &
1039 2740 1336 2782 resurreetionis
1353 2739 1392 2779 δε
1414 2738 1549 2778 ascen-

183 2804 301 2846 fionis
321 2804 539 2845 constituit.
560 2802 665 2844 Illud
688 2804 848 2854 mirum,
869 2802 978 2857 quod
1000 2802 1113 2842 locus
1135 2800 1214 2850 ille,
1230 2800 1270 2839 in
1293 2813 1373 2853 quo
1397 2795 1550 2851 postre-
