2131 3552
793 279 932 341 (420)
1455 288 1538 339 145

172 443 231 499 fis
271 440 491 499 episcopus,
535 439 787 487 ANDREAS,
823 436 1060 480 GAIANUS
1097 435 1314 489 meliteni,
1355 436 1547 493 Stephani

173 511 347 567 fratres,
394 511 619 560 lOANNES‚
665 509 893 567 ‘Rhaitenfis
920 509 1137 566 presbyter,
1181 506 1474 550 ANATOLIUS
1509 505 1547 548 δ’

186 579 633 629 THALAaenffi.u⁶n

280 668 324 708 [S.
341 666 484 712 Cyrillus
504 665 718 711 Scythopol.,
740 664 856 707 Vitas.
878 664 1039 708 Eutltymij
1067 664 1231 707 (Pouget‚
1251 662 1405 696 AnaleHa
1425 674 1552 706 ἔνατα,

186 731 240 763 pp.
269 731 321 760 30,
351 731 386 760 31
406 735 414 760 ς
444 718 487 751 cf.
509 730 560 762 pp.
584 731 640 759 41,
666 731 722 761 45,
739 721 792 757 61,
808 720 864 758 66,
884 720 938 757 6⁷,
960 729 1013 758 73,
1034 718 1115 759 76);
1140 716 1272 749 Simeon
1295 715 1549 760 MetaphrasteS,

188 772 263 804 Vita
273 771 308 814 s.
336 770 506 815 Euthymij,
532 782 581 804 cc.
604 785 659 813 40,
680 784 719 811 4¹
745 770 868 814 &paff
889 771 1044 813 (Migne,
1070 770 1156 802 Patr.
1173 780 1242 812 gra,
1263 770 1384 809 CXIV,
1402 779 1450 801 cc.
1471 771 1552 800 628-

187 825 303 868 629)i

235 888 305 932 (Cf.
324 888 447 921 Itinera
460 900 584 932 graeca,
602 888 645 931 Ι.)

11 993 46 1022 C·
72 989 167 1038 420
190 982 257 1028 ⁸S.
284 982 578 1041 PETRONIUS,
604 987 863 1046 Bononiensis
887 985 1103 1044 episcopus.
1143 993 1245 1035 (¹69)

245 1088 259 1106 ss
286 1102 446 1111 ......
479 1069 555 1109 1110
588 1070 760 1123 plurimo
790 1070 927 1109 labore
958 1070 1091 1123 typice
1119 1069 1230 1123 gessit
1263 1083 1364 1122 opus
1386 1068 1553 1108 mirifice

189 1129 463 1170 constrmstum
494 1128 611 1169 instar
646 1128 857 1169 Dominici
892 1128 1076 1182 sepulcri,
1115 1128 1332 1167 secundum
1372 1128 1553 1167 ordinem

190 1203 312 1243 quem
333 1189 488 1228 viderat
508 1188 546 1228 &
564 1188 732 1241 provida
753 1202 849 1227 cura
870 1202 961 1227 cum
992 1187 1147 1227 calamo
1169 1186 1380 1240 diligenter
1401 1186 1554 1226 mensus

191 1248 328 1298 fuerat,
362 1262 454 1287 cum
476 1245 570 1287 effet
590 1246 883 1303 Hierosolymae3
919 1247 971 1286 ibi
1005 1247 1113 1286 enirn
1136 1261 1206 1299 per
1235 1246 1368 1300 aliqua
1401 1247 1552 1285 dierum

191 1305 388 1345 curricula
420 1306 486 1345 s1bi
510 1306 638 1345 fuerat
670 1319 740 1358 per
775 1316 901 1345 totam
924 1305 1093 1344 Judaeam
1123 1304 1312 1358 colligere
1333 1304 1555 1358 vecfflgalia.

191 1363 327 1404 Etiam
350 1366 518 1418 parietes
534 1364 731 1418 sepulchri
753 1365 859 1405 intus
881 1364 1058 1418 undique
1081 1377 1149 1416 per
1165 1378 1307 1417 gyrum
1329 1378 1422 1403 cum
1444 1364 1558 1402 iunc-

192 1423 287 1463 turis
319 1424 394 1463 suis
424 1423 511 1463 sunt
542 1424 679 1474 erecti,
712 1423 749 1463 &
779 1423 977 1477 lapidibus
1008 1423 1210 1476 quadratis
1231 1421 1269 1462 δε
1290 1421 1401 1462 seffis
1431 1422 1557 1461 nimio

191 1482 367 1522 candore
390 1481 647 1535 pollentibus.

248 1557 263 1577 <t
293 1552 349 1594 13.
386 1540 511 1580 Aliud
549 1555 712 1594 quoque
746 1540 975 1591 aedificium,
1009 1540 1130 1593 idque
1165 1540 1335 1593 plurima
1367 1541 1559 1580 varietate

194 1599 478 1640 columnarum
501 1614 522 1639 a
541 1600 812 1640 fundamentis
832 1599 1056 1649 aedificavit,
1078 1614 1170 1638 cum
1193 1600 1292 1638 atrio
1314 1600 1353 1638 in
1374 1600 1560 1649 circuitu,

193 1672 286 1698 cum
318 1658 474 1698 duobus
505 1658 714 1699 ordinibus
745 1658 1012 1712 preciosarum
1033 1657 1316 1697 columnarum
1350 1672 1443 1696 cum
1463 1656 1560 1697 basi-

193 1717 265 1756 bus
283 1716 321 1756 &
333 1716 531 1770 capitellis
548 1716 635 1767 suis,
652 1715 769 1771 signis
785 1715 1076 1769 multiplicibus
1094 1716 1303 1766 decoratis,
1319 1717 1373 1756 ita
1389 1727 1432 1756 ut
1448 1716 1560 1769 super

194 1775 423 1816 inferiorern
445 1776 627 1815 ordinem
660 1776 941 1816 columnarum
973 1774 1071 1816 alius
1103 1775 1312 1828 pretiosior
1341 1775 1559 1841 superemi-

194 1834 325 1874 nebat.
345 1833 443 1874 Tali
464 1835 588 1874 modo
616 1835 905 1874 extendebatur
925 1833 1045 1888 usque
1068 1834 1114 1873 ad
1137 1833 1286 1884 locum,
1307 1835 1374 1887 qui
1395 1833 1562 1888 figurate

201 1892 393 1945 Golgotha,
433 1893 512 1932 hoc
545 1892 600 1932 est
629 1892 834 1944 Calvaria,
862 1904 1130 1946 nuncupatur,
1173 1893 1239 1931 ubi
1273 1906 1385 1942 crux,
1415 1893 1453 1931 in
1486 1906 1564 1945 qua

202 1951 385 1992 Christus
403 1965 474 2004 pro
492 1951 613 1991 salute
630 1953 770 1991 mundi
791 1951 891 1992 fixus
908 1952 976 2002 est,
997 1950 1121 2004 pofita
1141 1951 1225 1991 fuit.
1246 1949 1320 1991 Ille
1336 1965 1430 1990 vero
1452 1951 1564 1991 locus

202 2010 319 2050 variis
350 2011 592 2063 imaginibus
621 2011 758 2051 diversi
779 2010 926 2051 coloris
962 2011 1144 2064 depictus
1178 2010 1254 2059 est;
1291 2010 1565 2063 pavimentum

203 2079 337 2108 autem
373 2069 496 2109 totius
516 2071 648 2122 operis
668 2069 833 2109 stratum
855 2070 908 2110 est
930 2069 1046 2109 Pario
1068 2069 1199 2122 lapide
1221 2069 1257 2109 ἃ,
1280 2069 1564 2123 porphyretico

200 2128 238 2168 &
267 2127 467 2180 lapidibus
498 2127 659 2168 diversae
690 2129 900 2169 varietatis.
929 2127 990 2168 Ita
1006 2128 1173 2181 pulchra
1189 2128 1226 2167 ἃ
1243 2128 1461 2181 praelucida
1480 2127 1567 2167 sunt

201 2186 348 2226 cuneta
369 2187 449 2240 loci
478 2187 596 2227 huius
629 2186 808 2239 aedificia,
844 2199 900 2238 ut,
921 2189 988 2241 qui
1011 2187 1129 2227 semel
1150 2202 1195 2227 ea
1216 2187 1473 2240 prospexerit,
1494 2188 1567 2226 ite-

203 2259 292 2284 rum
309 2245 445 2285 videre
462 2246 727 2285 ardentiffimo
749 2261 887 2286 amore
904 2246 1104 2286 desiderat.
1127 2243 1172 2285 In
1191 2245 1334 2285 eodem
1351 2259 1444 2285 vero
1462 2245 1568 2296 lom,

204 2305 272 2357 qui
298 2303 476 2357 Golgotha
499 2304 657 2354 dicitur,
679 2305 808 2358 posuit
828 2305 1001 2359 ligneam
1023 2318 1197 2355 crucem,
1224 2319 1312 2357 quae
1332 2305 1370 2343 in
1392 2304 1569 2358 longitu-

205 2362 297 2402 dine
327 2363 365 2403 &
394 2362 606 2403 latitudine
637 2364 815 2418 undique
846 2379 917 2417 per
947 2374 1077 2404 totum
1108 2364 1210 2403 faita
1236 2363 1365 2403 fuerat
1385 2364 1430 2402 ad
1454 2363 1570 2403 instar

205 2421 337 2461 crucis
355 2421 513 2463 Christi.
536 2420 628 2461 Post
643 2421 764 2476 longa
779 2434 913 2462 autem
929 2437 1127 2462 annorum
1144 2422 1344 2461 curricula
1359 2421 1457 2462 saeva
1472 2436 1568 2476 gens

212 2479 455 2532 Ungarorum
483 2495 577 2520 curn
606 2481 777 2534 plurima
805 2481 983 2521 vastitate
1004 2481 1228 2521 invaserunt
1249 2491 1373 2521 totam
1404 2482 1569 2534 provin-

207 2538 330 2577 ciam:
349 2553 541 2592 unapars,
554 2554 643 2592 quae
661 2540 865 2580 crudelior
877 2542 1018 2590 fuerat,
1036 2541 1135 2579 vidit
1146 2554 1308 2579 crucem
1322 2540 1375 2579 ibi
1391 2538 1571 2593 positam,

205 2597 374 2649 cupiens
411 2597 560 2648 delere,
594 2609 637 2637 ut
670 2612 692 2637 a
721 2598 974 2640 Christicolis
996 2599 1186 2652 deinceps
1221 2613 1303 2638 non
1324 2599 1571 2650 adoraretur,

207 2653 324 2707 lignis
359 2669 404 2695 ac
439 2655 562 2708 paleis
598 2656 767 2709 replevit
801 2657 898 2697 illud
936 2672 1057 2697 omne
1090 2656 1317 2708 aedificium,
1357 2659 1572 2711 ignemque

207 2713 355 2765 pariter
389 2713 605 2764 succendit,
641 2725 683 2754 ut
713 2729 876 2756 crucem
906 2716 1162 2756 combureret
1195 2716 1233 2755 δι
1266 2727 1420 2756 tanturn
1450 2715 1571 2755 decus

207 2771 386 2824 praeclari
418 2775 551 2826 operis
584 2784 718 2813 rueret
753 2775 792 2814 in
824 2775 1117 2828 praecipitium:
1153 2790 1235 2815 non
1266 2775 1419 2815 meritis
1441 2773 1572 2823 ullius,

392 2838 418 2872 P
1343 2852 1381 2886 Ι9
