2131 3552
779 202 916 266 (400)
1448 225 1532 270 107

0 369 29 397 c.
53 366 148 415 400
170 353 533 403 Pos'ruMIANth.
561 369 662 409 (ης)

224 464 237 483 ‹<
265 448 373 488 Cum
405 450 443 489 in
475 464 599 489 unum
629 449 764 489 locum
795 466 870 504 ego
892 452 929 492 &
952 453 1099 494 Gallus
1132 454 1263 494 noster
1283 457 1531 499 convenisse-

168 521 269 556 mus,
305 508 362 546 vir
399 508 495 547 mihi
531 509 745 547 intervenit
779 510 896 549 nobis
937 510 1214 552 Postumianus
1250 527 1374 565 meus,
1409 516 1529 556 nostri

166 566 280 604 causa
301 566 349 604 ab
372 567 537 616 Oriente,
565 581 647 619 quo
670 565 719 616 se,
747 578 838 606 ante
860 568 1078 607 triennium
1101 571 1267 622 patriam
1287 573 1531 627 relinquens,

165 624 402 675 contulerat,
421 623 610 677 regreffus
631 656 762 665 .....

222 701 235 719 «
253 683 361 722 Ante
372 684 450 722 hoc
463 684 695 734 triennium,
715 699 796 738 quo
812 695 994 738 tempore
1009 685 1092 737 tibi,
1106 686 1271 740 Sulpici,
1283 688 1376 727 hinc
1393 689 1530 731 abiens

166 741 350 792 valedixi,
381 742 446 781 ubi
470 742 668 782 Narbona:
695 744 829 782 navim
865 743 1066 795 solvimus,
1100 746 1242 798 quinto
1275 748 1339 786 die
1367 759 1529 800 portum

165 801 315 854 Africa:
345 801 595 852 intravimus,
629 802 729 841 adeo
761 802 949 855 prospera
979 802 1060 843 Dei
1082 815 1180 844 nutu
1212 806 1412 858 navigatio
1436 807 1530 857 fuit;

164 856 280 897 libuit
308 860 444 898 animo
475 861 584 899 adire
619 860 898 914 Carthaginem,
926 860 1016 900 loca
1043 861 1198 902 visitare
1220 863 1463 916 sanctorum,
1493 865 1531 905 &

164 918 366 969 praecipue
387 919 433 957 ad
457 918 709 971 sepulchrum
732 919 926 972 Cypriani
948 921 1132 974 martyris
1153 923 1330 961 adorare.
1367 922 1530 978 Quinto

163 975 322 1014 decimo
346 976 410 1016 die
426 979 474 1017 ad
494 988 655 1031 portum
671 978 840 1031 regressi,
862 980 1123 1033 proveetique
1141 981 1179 1019 in
1197 981 1337 1032 altum,
1358 983 1529 1022 Alexan-

163 1034 286 1074 driam
313 1046 508 1088 petentes,
528 1036 749 1076 reluctante
771 1037 914 1089 austro,
936 1053 1038 1091 pene
1060 1040 1099 1078 in
1117 1039 1242 1093 Syrten
1264 1039 1363 1080 illati
1386 1041 1530 1082 sumus.

218 1169 232 1188 «
258 1151 562 1194 Revocantibus
589 1170 663 1195 nos
695 1155 741 1194 ad
765 1169 874 1194 mare
895 1156 1039 1206 nautis,
1060 1156 1298 1198 disceffimus
1321 1158 1531 1212 prospero-

161 1226 239 1265 que
260 1211 374 1251 cursu
397 1212 564 1266 septimo
586 1214 650 1253 die
670 1212 941 1253 Alexandriam
963 1216 1217 1267 pervenimus
1246 1247 1530 1258 ..........

216 1287 230 1306 <<
256 1268 382 1323 Igitur
413 1273 506 1312 inde
527 1271 729 1326 digreffus,
748 1272 931 1312 Bethleem
962 1273 1161 1325 oppidum
1195 1275 1306 1328 petij,
1339 1276 1447 1329 quod
1481 1277 1529 1316 ab

160 1328 426 1387 Hierosolymis
466 1331 527 1371 sex
562 1331 740 1371 millibus
782 1331 1010 1384 disparatur,
1043 1332 1092 1371 ab
1126 1333 1361 1374 Alexandria
1394 1346 1528 1374 autem

161 1387 332 1428 sedecim
353 1388 624 1431 mansionibus
641 1390 757 1430 abest.
781 1389 1003 1430 Ecclesiam
1024 1390 1103 1430 loci
1125 1391 1232 1432 illius
1255 1392 1528 1446 Hieronymus

160 1447 364 1501 presbyter
382 1449 506 1502 regit:
527 1463 621 1489 nam
643 1449 834 1502 parochia
854 1448 908 1489 est
928 1449 1118 1502 episcopi,
1139 1451 1207 1504 qui
1231 1450 1528 1510 Hierosolymam

161 1517 270 1546 tenet
291 1537 420 1547 .....
447 1524 462 1544 >>

206 1596 350 1641 (Caetera
367 1599 415 1631 ad
442 1597 553 1631 vitam
571 1597 762 1640 solitariam
776 1597 937 1642 spedas&
964 1597 1157 1641 Postumiano
1179 1599 1310 1643 AEgypti
1337 1601 1529 1645 monasteria

158 1650 341 1695 lustrante.)

253 1726 426 1772 [Sulpicius
454 1728 603 1769 Severus,
629 1726 734 1767 Dial.‚
765 1729 791 1768 I,
828 1738 855 1760 c.
886 1740 914 1769 1,
949 1739 980 1770 3,
1011 1739 1032 1768 4
1050 1728 1204 1772 (Migne,
1233 1730 1324 1762 Patr.
1349 1729 1419 1772 lat.,
1448 1733 1528 1773 XX,

157 1795 204 1817 cc.
227 1786 287 1822 183
308 1782 337 1814 &
357 1781 445 1825 seqq.
460 1797 469 1823 3
487 1780 531 1814 cf.
553 1780 658 1822 Diali,
676 1782 738 1822 III,
755 1792 783 1813 c.
810 1784 861 1822 18,
880 1781 972 1822 ibid„
991 1792 1019 1814 c.
1040 1782 1152 1825 222).]

206 1858 301 1902 (Haec
319 1856 449 1900 Sulpitij
469 1857 591 1889 Severi
609 1862 703 1900 poeta
730 1857 865 1901 quidam
884 1856 1039 1900 gallicus,
1068 1857 1122 1901 qui
1137 1858 1258 1900 saeculo
1286 1860 1358 1892 XII
1370 1860 1530 1903 florebat,

159 1914 244 1945 Pean
262 1911 427 1943 Gatineau
453 1915 664 1953 nuncupatus,
692 1909 839 1953 ‘vulgari
862 1910 1006 1942 carmine
1034 1911 1141 1943 vertit
1167 1911 1268 1953 [Bibl.
1297 1913 1387 1954 Nat.‚
1415 1914 1470 1947 ms.
1489 1914 1526 1947 fr.

162 1976 260 2006 1043,
280 1963 313 1996 ff.
339 1976 403 1996 100
422 1963 453 1995 δε
473 1962 524 2007 s.],
552 1974 642 2007 quem
657 1962 761 2005 soluto
769 1962 920 2005 sermone
938 1963 1055 1996 iterum
1077 1964 1182 1997 edidit
1203 1977 1375 2009 anonymus
1393 1967 1527 2010 quidam

158 2019 229 2061 [Les
248 2017 402 2061 enquestes
419 2017 460 2049 de
476 2016 681 2059 Posthumien,
699 2017 750 2049 ed.
770 2016 940 2058 Bourafffe,
959 2018 1087 2058 Tours,
1110 2021 1209 2059 1863,
1228 2018 1340 2062 in-8].)

0 2137 18 2166 :.
41 2135 138 2183 400
160 2111 478 2169 Marcianus
511 2109 925 2170 HeracleenslS.
963 2129 1060 2173 (xxv)

212 2207 409 2255 [Περίπλους
430 2211 590 2254 (Mfiller,
608 2213 724 2255 Geogr.
738 2211 845 2255 graeci
862 2210 1011 2252 minores,
1031 2212 1055 2251 Ι,
1075 2215 1274 2256 515-569).]

207 2271 277 2314 (Cf.
299 2272 425 2305 Itinera
434 2283 562 2315 graeca,
581 2271 624 2310 Ι.)

0 2398 21 2428 :.
46 2396 141 2444 400
161 2365 478 2436 Absamia8‚
509 2362 816 2447 presbyter.
866 2380 976 2425 (xxvj)

255 2488 316 2528 [De
333 2486 514 2529 excurfione
535 2486 702 2518 Hunorum
728 2484 761 2517 in
782 2486 991 2517 Romanorum
1008 2483 1158 2517 ditionem
1189 2484 1295 2527 (Opus
1324 2485 1525 2528 deperditum

158 2539 192 2572 in
210 2539 376 2573 Chronico
401 2538 565 2572 Edeffeno
587 2539 622 2570 δέ·
645 2539 679 2571 in
707 2537 874 2571 Chronico
902 2537 1050 2580 Dionyfij,
1079 2538 1232 2570 Iacobitat
1244 2549 1297 2570 um
1312 2537 1524 2581 patriarcha,

157 2592 353 2634 recensitum)
384 2592 442 2635 (cf.
460 2591 525 2635 Jos.
547 2591 672 2624 Simon.
694 2590 910 2632 Affemanus,
928 2590 1120 2623 Bibliotheca
1138 2590 1303 2624 orientalis
1323 2591 1524 2624 Clementino-

163 2645 335 2687 Vaticana,
352 2654 373 2678 t.
394 2647 420 2687 I,
439 2657 468 2690 p.
494 2643 600 2689 169).]
