2131 3552
577 210 663 258 ¹¹4
1210 191 1347 256 (401)

622 371 638 392 α
663 353 797 394 Saluta
826 352 1019 405 obsequio
1054 365 1146 391 meo
1176 350 1354 390 san&um
1384 351 1546 390 fratrem
1577 347 1854 388 Paulinianum
1885 359 1929 384 ac

566 427 708 453 ornnes
729 412 869 452 fratres
890 411 958 465 qui
979 421 1113 449 tecum
1136 424 1181 449 ac
1203 411 1251 449 de
1273 420 1310 449 te
1331 410 1370 448 in
1394 408 1579 449 Domino
1600 406 1834 460 gloriantur.
1859 421 1873 440 »

630 504 677 545 [S.
696 500 920 545 Augustinus,
933 499 1070 544 Epistola
1089 500 1228 540 LXVII,
1244 498 1331 541 ads
1347 498 1569 542 Hieronymum
1586 495 1738 540 (Migne,
1752 497 1842 528 Patr.
1861 493 1930 535 lat.‚

565 555 727 596 XXXIII,
745 565 772 587 c.
795 553 907 598 237).]

621 669 636 690 «
662 639 803 692 Frater
823 649 1053 690 communis
1074 648 1305 702 suppliciter
1326 658 1364 687 te
1386 647 1535 687 salutat.
1561 664 1575 683 »

660 746 707 791 [S.
732 746 968 792 HieronymuS,
993 744 1130 789 Epistola
1150 745 1226 786 CII,
1243 743 1331 786 ads.
1349 743 1557 787 Augustinum
1577 742 1732 786 (Migne,
1753 743 1843 774 Patr.
1862 740 1932 782 lat„

564 802 678 842 XXII,
696 812 723 833 c.
745 799 853 843 831).]

635 886 751 931 (Paulo
785 886 850 930 post
882 885 1098 919 Paulinianus
1134 888 1272 929 Cyprum
1299 884 1439 926 infidam
1474 882 1659 923 habitavit,
1692 882 1818 926 pluries
1848 894 1932 916 vero

562 939 719 973 Bethleem
747 939 843 981 adiit,
869 939 1092 984 Hieronymum
1119 938 1327 981 visitaturus,
1354 944 1389 970 ut
1405 936 1535 980 testatur
1564 935 1616 967 ille
1640 935 1673 967 in
1697 935 1792 968 Libro
1819 943 1931 969 contra

562 995 710 1026 Ioannem
731 992 1059 1037 Hierosolymitanum‚
1088 1003 1115 1024 c.
1137 1003 1176 1032 41
1210 990 1367 1034 (Migne,
1398 991 1487 1033 Patr.
1508 988 1577 1029 lat„
1605 989 1734 1029 XXIII,
1762 999 1791 1020 c.
1825 989 1930 1032 393):

567 1059 579 1075 «
602 1045 654 1078 Sin
674 1053 785 1078 autem
813 1045 855 1078 de
884 1044 1081 1078 Pauliniano
1110 1044 1169 1077 tibi
1191 1044 1294 1076 sermo
1316 1044 1370 1083 est,
1404 1043 1492 1075 vides
1513 1053 1586 1073 eum
1605 1041 1757 1085 episcopo
1789 1041 1843 1073 suo
1869 1040 1932 1074 effe

565 1098 756 1153 subiefftum,
776 1098 890 1132 versari
911 1100 1038 1144 Cypro,
1057 1098 1098 1130 ad
1119 1097 1337 1130 visitationem
1355 1095 1497 1128 nostram
1517 1094 1681 1126 interdum
1701 1094 1837 1136 venire).

333 1236 544 1286 401-450
567 1217 752 1277 Rufus
786 1218 972 1277 Festus
1004 1219 1280 1276 Avienus.
1317 1233 1449 1276 (xxviij)

700 1351 714 1370 «
742 1333 830 1375 Ora
850 1333 994 1387 Syrum
1016 1334 1130 1373 curvi
1143 1334 1382 1386 procumbens
1401 1332 1516 1372 litoris
1536 1339 1617 1370 αέῖα

697 1398 744 1438 In
765 1408 886 1438 notum
908 1399 951 1438 &⁵
972 1398 1022 1438 eoi
1040 1398 1195 1454 confinia
1216 1398 1376 1437 tenditur
1395 1397 1488 1436 euri.

697 1463 799 1503 Haec
820 1463 939 1505 Coele
959 1465 1010 1512 esi
1022 1464 1134 1517 graio
1143 1464 1220 1521 sub
1241 1464 1402 1502 nomine:
1421 1477 1578 1514 namque
1598 1461 1732 1500 duobus

703 1527 757 1567 Ut
775 1529 942 1585 conclusa
970 1530 1063 1582 iugis
1083 1529 1200 1569 vallis
1220 1529 1298 1568 vice
1317 1527 1435 1567 multa
1455 1535 1632 1566 cavatur.

697 1593 759 1633 Ab
780 1594 940 1648 zephyro
962 1592 1101 1636 Cafius
1121 1609 1218 1634 mons
1236 1593 1420 1638 imminet;
1442 1607 1509 1631 axe
1529 1591 1600 1630 diei

697 1657 958 1716 Consurgentis
976 1660 1057 1699 item
1078 1659 1259 1699 Libanus
1275 1658 1413 1711 premit
1431 1657 1574 1696 arduus
1594 1669 1710 1694 arva.

701 1723 803 1764 Pars
818 1725 955 1778 procul
971 1741 994 1765 a
1010 1724 1143 1778 pelago
1162 1734 1286 1764 terras
1305 1723 1399 1773 colit,
1419 1722 1524 1774 inque
1544 1718 1684 1773 receſju

703 1786 799 1827 Gens
820 1789 950 1841 agitat.
971 1788 1075 1846 Salso
1091 1788 1268 1841 quidquid
1279 1787 1459 1844 pulsatur
1480 1786 1526 1824 ab
1547 1785 1645 1837 aestu,

700 1850 943 1893 Phoenicum
964 1852 1061 1905 regio
1080 1854 1140 1907 cst.
1162 1851 1224 1890 Hi
1243 1851 1385 1890 Rubro
1408 1865 1431 1890 a
1445 1849 1593 1902 gurgite
1613 1847 1794 1899 quondam

700 1916 918 1958 Mutavere
938 1918 1067 1968 domos,
1082 1917 1267 1971 primique
1281 1926 1351 1969 per
1371 1929 1524 1967 aequora
1544 1913 1639 1953 vecti

701 1982 1098 2041 Lustraveresalmn,
1114 1982 1230 2037 primi
1249 1982 1399 2020 docuere
1418 1980 1556 2020 carinis

702 2046 821 2088 Ferre
841 2049 947 2088 cavis
967 2048 1062 2087 orbis
1082 2047 1309 2096 commercia,
1320 2045 1455 2100 sidera
1469 2044 1587 2098 primi

702 2111 919 2153 Servavere
933 2113 1020 2166 poli.
1044 2112 1192 2166 Populis
1213 2110 1472 2152 Phoeuicibus
1493 2125 1576 2162 ergo

707 2176 807 2216 Urbs
826 2175 940 2230 Iope,
947 2177 1164 2234 sterilisque
1184 2176 1308 2216 dehinc
1327 2175 1521 2215 habitatur
1541 2173 1664 2223 Elai's,

701 2241 892 2294 Gazaque
907 2242 1070 2295 proceris
1090 2242 1283 2296 affurgens
1304 2240 1459 2292 undiquc
1479 2239 1605 2278 muris.

701 2306 783 2347 Hic
803 2307 944 2361 Tyrus
965 2308 1011 2359 est
1029 2306 1183 2360 opulens,
1204 2306 1247 2345 &
1269 2305 1440 2359 Berytus
1461 2303 1606 2358 optima,
1627 2301 1777 2356 Byblos

701 2371 936 2426 Sidoniique
956 2372 1069 2422 lares,
1089 2371 1152 2411 ubi
1169 2371 1295 2410 labens
1315 2370 1458 2423 agmine
1478 2382 1622 2408 amoeno

701 2435 851 2493 Cespitis
869 2436 1010 2489 irrigui
1029 2435 1246 2476 Bostrenus
1265 2435 1397 2487 iugera
1405 2434 1530 2488 findit.

699 2501 782 2540 Nec
804 2502 923 2541 minus
944 2500 998 2540 hic
1017 2499 1205 2553 Tripolis
1224 2500 1353 2553 pingui
1360 2499 1448 2556 sola
1463 2497 1628 2552 porrigit
1645 2512 1736 2549 agro
1744 2516 1759 2542 ;

701 2563 966 2620 Orthofisque
986 2564 1112 2605 dehinc
1133 2564 1338 2610 attollitur‚-
1358 2563 1413 2602 hic
1435 2562 1649 2602 Marathus
1657 2563 1765 2614 stat,-

701 2630 842 2671 Litoris
862 2640 1018 2671 extremo
1038 2639 1150 2683 caput
1168 2630 1250 2669 altis
1270 2629 1440 2668 turribus
1459 2627 1569 2681 effert

700 2694 895 2746 Laodice,
916 2696 959 2734 ὅ
974 2695 1103 2747 glauci
1116 2693 1386 2748 praelamhitur
1405 2693 1563 2744 aequoris
1583 2692 1695 2730 unda.
