2131 3552
580 185 644 249 46
1203 186 1341 251 (326)

582 357 661 396 que
680 345 862 386 medicus
888 346 936 386 ad
959 344 1298 387 Constantinum:
1337 361 1352 381 «
1378 343 1530 400 Quaere
1551 359 1678 384 unum
1713 343 1882 395 dolium,
1915 345 1954 385 &

585 419 600 438 ‹<
617 416 821 457 congrega
837 419 979 445 omnes
992 418 1153 458 pueros,
1167 403 1205 443 &
1221 403 1364 442 occide
1380 418 1463 454 eos,
1475 403 1513 443 &
1529 404 1569 443 in
1586 403 1775 457 sanguine
1791 402 1954 443 illorum

584 477 600 496 z
617 460 821 503 balneabis
838 474 889 514 te,
906 463 943 503 δε
957 463 1164 502 sanaberis.
1184 478 1198 498 ›>
1215 461 1269 501 Et
1281 461 1428 501 faenum
1446 462 1502 502 est
1516 463 1581 502 ita.
1605 462 1850 515 Congregati
1868 461 1955 502 sunt

583 530 674 559 ante
691 520 883 573 palatium
905 522 1008 575 regis
1025 535 1166 561 omnes
1189 521 1314 571 pueri,
1335 519 1373 560 &
1389 521 1514 560 exivit
1528 534 1611 572 rex,
1632 521 1670 561 &
1690 520 1791 560 vidit
1807 534 1954 573 pueros

582 592 675 617 cum
692 580 888 620 matribus
904 580 979 620 suis
994 580 1182 619 flentibus
1199 578 1237 619 &
1254 580 1327 618 ait:
1353 596 1368 615 ‹<
1391 578 1547 620 Melius
1568 579 1623 619 est
1640 590 1684 619 ut
1699 593 1774 632 ego
1793 593 1955 632 peream

585 653 600 673 «
618 644 740 690 quam
761 649 821 678 tot
840 639 1026 679 homines
1047 652 1140 678 cum
1162 636 1266 677 filiis.
1293 654 1307 673 »
1332 637 1387 677 Et
1407 638 1557 677 saetam
1578 638 1634 678 est
1655 640 1721 678 ita.
1752 636 1838 677 [11ae
1859 651 1953 677 vero

582 707 767 749 rogantes
801 697 941 737 Deum
971 708 1014 738 ut
1042 697 1152 736 daret
1183 695 1452 737 Constantino
1482 696 1662 749 salutem,
1697 697 1736 737 &
1768 697 1956 736 exaudita

582 754 638 793 est
671 756 800 796 oratio
844 757 1069 796 mulierum.
1110 755 1164 795 Et
1198 756 1372 809 quadam
1412 755 1533 795 ηοᾶε
1567 755 1706 796 beatus
1744 755 1882 796 Petrus
1917 755 1955 796 &

583 812 729 854 Paulus
756 826 954 855 venerunt
983 816 1030 854 ad
1059 814 1388 865 Constantinum,
1417 813 1456 854 &
1478 815 1667 854 dixerunt
1687 815 1722 854 ei
1745 815 1841 854 dum
1863 815 1956 854 dor-

582 872 722 912 miret:
747 890 761 910 «
781 874 823 915 O
844 874 1123 923 Constantine,
1145 887 1277 927 quaere
1304 872 1483 912 sanetum
1497 872 1744 924 Silvestrum,
1766 873 1860 926 quia
1876 873 1955 926 ipse

585 933 828 972 «mundabit
849 943 898 973 te.
917 950 931 969 »
959 933 1087 972 Mane
1108 943 1242 972 autem
1264 931 1383 982 fa&o,
1405 931 1696 972 Constantinus
1717 932 1817 971 dixit
1837 933 1955 972 matri

582 989 672 1040 suae,
705 992 915 1044 quomodo
951 991 1089 1031 Petrus
1124 991 1162 1031 δι
1198 990 1344 1031 Paulus
1378 991 1413 1030 ei
1447 990 1647 1030 dixerunt.
1684 989 1786 1046 Quo
1817 992 1955 1031 audito

581 1049 718 1102 regina
745 1050 875 1103 gavisa
901 1051 955 1090 est
987 1050 1025 1090 &
1055 1048 1235 1103 quaefivit
1261 1049 1440 1088 sa115tum
1462 1048 1709 1099 silvestrum,
1740 1048 1778 1088 ὅτ
1799 1049 1900 1089 dixit
1920 1051 1955 1089 ei

583 1109 792 1161 quomodo
814 1109 903 1150 suus
923 1109 1027 1150 filius
1049 1123 1142 1148 eum
1163 1109 1301 1148 videre
1318 1107 1491 1147 volebat.
1515 1106 1617 1163 Quo
1639 1108 1777 1147 audito
1800 1107 1956 1149 sanetus

583 1166 767 1207 Silvester
794 1168 996 1221 accipiens
1028 1167 1231 1218 baculum,
1262 1168 1334 1207 ivit
1363 1167 1411 1207 ad
1443 1166 1777 1216 Constantinum3
1806 1168 1871 1206 cui
1902 1167 1956 1206 ait

584 1225 893 1266 Constantinus:
909 1244 924 1263 «
942 1227 984 1268 O
999 1226 1128 1266 san&e
1146 1225 1330 1266 Silvester
1342 1240 1390 1265 ex
1405 1225 1499 1265 Deo
1513 1225 1738 1275 benedi&e,
1751 1225 1821 1278 qui
1833 1225 1956 1265 hodie

586 1300 601 1320 «
618 1283 726 1323 suam
741 1285 933 1325 virtutem
950 1287 989 1325 in
1006 1300 1069 1325 me
1086 1300 1156 1338 per
1174 1297 1211 1324 te
1229 1284 1529 1334 demonstrabit,
1546 1284 1635 1323 sana
1653 1298 1730 1323 me.
1748 1297 1765 1322 »
1786 1284 1865 1325 Cui
1882 1284 1957 1324 Sil-

583 1342 710 1382 vester
731 1343 954 1396 respondit:
976 1362 990 1381 «
1011 1344 1048 1384 Si
1071 1345 1288 1384 credideris
1310 1345 1350 1383 in
1372 1343 1524 1383 Filium
1544 1343 1726 1396 virginis,
1747 1343 1956 1383 sanitatem

586 1402 805 1455 «accipies.
827 1419 841 1438 »
867 1403 946 1444 Cui
969 1403 1281 1444 Constantinus:
1307 1420 1321 1439 «
1348 1403 1548 1442 Amorem
1572 1401 1652 1442 Dei
1686 1401 1799 1455 super
1819 1402 1957 1442 omnia

587 1477 601 1496 «
619 1459 787 1513 diligo.»
817 1460 943 1500 Tunc
964 1461 1120 1501 san6³ms
1140 1460 1325 1501 Silvester
1344 1461 1446 1500 iuffit
1465 1474 1612 1514 aquam
1633 1460 1794 1511 deferri,
1815 1461 1855 1500 in
1877 1475 1957 1514 qua

584 1518 806 1571 baptizavit
825 1534 932 1571 eum,
961 1521 998 1561 &
1024 1520 1137 1560 sanus
1159 1520 1286 1560 fadffis
1307 1520 1374 1559 est.
1407 1520 1500 1559 Hoc
1522 1519 1643 1567 facito,
1666 1519 1955 1560 Constantinus

584 1576 685 1616 dixit
704 1575 839 1617 saneto
860 1577 1064 1618 Silvestro:
1098 1596 1112 1615 «
1141 1578 1256 1634 Quid
1279 1579 1337 1618 vis
1359 1588 1403 1617 ut
1423 1578 1516 1617 dem
1538 1577 1636 1617 tibi?
1659 1594 1674 1613 »
1699 1577 1778 1618 Cui
1800 1576 1956 1617 sanetus

584 1634 789 1675 Silvester:
815 1653 829 1672 «
851 1636 968 1676 Nihil
985 1637 1091 1677 aliud
1112 1648 1219 1690 peto,
1234 1636 1304 1676 nis1
1323 1636 1552 1676 san&orum
1570 1636 1848 1689 apostolorum
1865 1650 1957 1676 cor-

587 1710 602 1729 «
619 1707 729 1746 pora.
751 1710 766 1730 »
792 1693 893 1750 Quo
914 1695 1066 1746 audito,
1087 1695 1377 1736 Constantinus
1393 1694 1583 1734 abstraxit
1605 1708 1777 1748 corpora
1796 1695 1957 1748 aposto-

584 1751 719 1791 lorum
735 1753 784 1792 de
797 1764 934 1806 pute0,
951 1753 989 1793 δε
1004 1753 1133 1793 statim
1152 1753 1283 1807 posuit
1297 1767 1344 1793 ea
1358 1754 1397 1793 in
1416 1754 1573 1807 optimo
1592 1754 1683 1793 loco
1697 1768 1792 1793 cum
1808 1768 1955 1807 magno

583 1812 731 1864 gaudio
744 1812 782 1852 &
794 1812 960 1852 honore.
978 1812 1070 1852 Post
1080 1813 1166 1852 haec
1180 1814 1340 1853 vocavit
1353 1812 1441 1853 suos
1458 1812 1619 1863 milites,
1643 1813 1780 1852 dicens
1802 1812 1838 1852 se
1849 1827 1957 1853 mare

584 1868 746 1910 tranfire
763 1870 880 1921 velle,
903 1871 941 1911 &
957 1872 1096 1911 omnia
1111 1887 1201 1925 quae
1216 1872 1380 1911 haberet
1397 1872 1436 1910 in
1453 1872 1528 1911 hac
1546 1882 1669 1924 parte,
1686 1871 1819 1911 saneto
1838 1870 1956 1911 Petro

585 1930 788 1980 daturum,
816 1929 855 1970 δε
883 1931 938 1970 ita
966 1931 1117 1970 fastum
1144 1930 1210 1970 est.
1241 1930 1448 1970 Tranfivit
1469 1944 1576 1970 mare
1598 1930 1634 1970 &
1663 1931 1759 1970 fecit
1779 1930 1956 1986 Constan-

583 1988 778 2041 tinopolim,
819 1989 926 2028 unde
967 1989 1154 2029 Saraceni
1192 1989 1424 2041 congregati
1467 1989 1577 2028 ibant
1624 2003 1719 2028 eum
1752 1989 1956 2030 debellari.

586 2046 875 2088 Constantinus
905 2059 1040 2088 autem
1068 2049 1147 2087 hoc
1168 2048 1348 2098 audiens,
1384 2048 1519 2087 timuit
1538 2047 1675 2097 valde3
1706 2047 1768 2087 sed
1791 2048 1955 2102 angelus

587 2104 758 2145 Domini
779 2106 900 2146 notite
921 2107 1100 2157 veniens,
1121 2107 1253 2159 inquit
1273 2107 1309 2145 ei
1328 2121 1336 2146 ;
1361 2124 1376 2143 «
1398 2106 1499 2147 Noli
1529 2108 1683 2158 timere,
1718 2107 1825 2161 quia,
1859 2107 1955 2146 dum

587 2182 602 2201 «
624 2165 841 2218 ingrederis
869 2165 1034 2217 bellum,
1060 2166 1215 2205 videbis
1235 2165 1389 2219 signum
1410 2166 1541 2206 crucis
1563 2166 1601 2205 in
1624 2167 1746 2217 coelo,
1775 2165 1812 2206 &
1834 2166 1956 2206 facies

587 2241 603 2260 «
621 2222 717 2262 illud
740 2224 780 2263 in
796 2223 948 2276 lancea,
968 2224 1007 2264 &
1027 2224 1184 2265 securus
1205 2225 1417 2278 ingredere
1439 2226 1605 2277 bellum,
1627 2226 1664 2266 &
1685 2225 1851 2265 habebis
1873 2224 1956 2263 vic-

588 2300 603 2320 «
625 2283 783 2322 toriam.
809 2299 824 2318 »
857 2283 911 2323 Et
931 2284 986 2323 ita
1014 2284 1165 2323 faetum
1186 2284 1254 2335 est,
1288 2284 1326 2324 &
1357 2285 1510 2324 occidit
1541 2284 1691 2325 multos
1722 2284 1954 2324 Saracenos.

585 2341 680 2381 Hoc
706 2342 882 2394 peracito,
916 2340 1020 2382 mifit
1036 2342 1236 2382 Helenam
1258 2354 1427 2383 matrem
1448 2343 1557 2384 suam
1578 2344 1893 2401 Hierosolymam,
1914 2352 1957 2381 ut

585 2411 782 2454 quaereret
804 2416 969 2441 crucem
989 2400 1175 2441 Domini.
1198 2402 1307 2443 Cum
1320 2404 1627 2444 autemintravit
1647 2402 1956 2460 Hierosolymam,

585 2460 828 2500 convocavit
864 2475 1006 2501 omnes
1035 2460 1194 2501 ludaeos
1229 2461 1267 2501 &
1297 2462 1413 2514 petiit
1440 2477 1629 2502 crucem:
1672 2462 1740 2515 qui
1768 2462 1957 2500 dixerunt

585 2516 620 2557 se
637 2517 799 2558 nescire.
818 2521 875 2559 At
891 2520 959 2560 illa
974 2521 1047 2560 ait:
1073 2538 1087 2557 «
1111 2519 1185 2560 Per
1203 2519 1355 2571 Deum,
1376 2521 1444 2574 qui
1463 2536 1526 2561 me
1544 2522 1651 2572 fecit,
1671 2518 1742 2560 nisi
1759 2534 1848 2560 eam
1867 2521 1956 2560 red-

588 2594 603 2614 «
621 2576 736 2628 detis,
752 2592 824 2618 vos
837 2593 978 2620 omnes
990 2580 1188 2619 occidam.
1206 2596 1220 2615 »
1238 2578 1340 2636 Quo
1358 2580 1496 2620 audito
1509 2581 1743 2634 quaerebant
1759 2580 1956 2632 inducias,

586 2635 624 2675 &
650 2637 840 2676 conceffit
870 2637 991 2692 usque
1021 2639 1060 2678 in
1091 2639 1199 2678 diem
1227 2638 1471 2692 sequentem.
1501 2638 1626 2680 ludaei
1658 2638 1955 2680 sciscitabantur

586 2696 634 2734 ad
656 2695 845 2748 invicem,
878 2695 905 2736 si
934 2698 1024 2751 quis
1053 2697 1169 2738 sciret
1196 2698 1263 2737 ubi
1285 2697 1392 2738 effet.
1426 2698 1618 2738 Tandem
1649 2712 1764 2749 unus,
1789 2697 1955 2738 nomine
