2131 3552
557 232 650 281 266
1165 232 1215 291 (s.
1240 233 1319 293 VI)

555 388 746 444 yconiam
775 386 973 427 ostendit:
1007 396 1104 426 tunc
1134 387 1266 426 statim
1297 386 1360 426 leo
1390 396 1576 427 mortuus
1610 386 1769 426 cecidit.
1803 387 1930 428 Venit

555 448 677 504 igitur
697 446 743 486 ad
767 445 875 485 illam
896 445 1111 485 solitariam
1129 444 1166 484 &
1183 446 1442 499 interrogata,
1462 455 1596 485 utrum
1614 444 1802 499 portasset
1818 460 1930 500 yma—

555 506 692 560 ginem
723 520 797 558 pro
829 520 909 558 qua
940 515 1164 558 rogaverat,
1185 504 1253 544 illa
1276 505 1452 558 negavit,
1472 505 1639 556 cupiens
1661 503 1818 544 sibimet
1836 506 1925 546 reti-

556 580 665 606 nere.
679 564 788 606 Cum
805 575 939 604 autem
957 563 1079 603 vellet
1094 563 1355 614 abire,hostia
1371 565 1516 604 domus
1533 564 1641 603 exire
1656 578 1739 603 non
1761 574 1931 616 poterat,

557 624 690 664 donec
705 625 918 663 veritatem
939 621 1114 663 confeffa
1134 622 1193 662 illi
1214 622 1396 663 solitariae
1410 623 1641 677 ymaginem
1664 621 1931 675 praesentaret.

560 681 701 738 Quam
724 684 870 723 devote
892 682 1104 736 suscipiens
1126 682 1166 721 in
1194 681 1262 721 suo
1284 683 1460 722 oratorio
1487 681 1706 721 collocavit
1726 680 1932 735 ipsamque

558 742 792 782 cottidianis
816 742 1001 795 precibus
1029 741 1068 781 &
1096 741 1273 781 lacrimis
1294 741 1510 780 honoravit
1530 759 1541 789 3
1569 751 1666 779 tunc
1688 739 1768 792 ipsa
1787 741 1934 794 yconia

561 801 698 841 oleum
720 801 859 840 sudare
887 815 970 840 non
996 800 1168 840 cessavit.
1201 799 1375 840 Mortua
1405 799 1473 839 illa
1498 799 1684 850 solitaria,
1713 799 1752 838 in
1786 798 1932 838 eodem

564 878 656 903 ⁴oco
692 864 731 902 in
762 863 919 902 honore
952 863 1078 901 beatae
1101 860 1248 901 Mariae
1269 861 1450 914 Virginis
1472 860 1709 914 praedi&um
1732 859 1932 899 monaste-

559 923 664 962 rium
685 921 740 961 est
760 921 1037 961 construtfi‘tum
1053 935 1128 960 nec
1145 935 1338 973 umquam
1357 919 1504 959 destrui
1522 920 1655 973 potuit
1673 932 1694 957 a
1707 918 1934 959 Sarracenis

559 981 623 1021 vel
637 981 820 1021 Tartaris
839 992 983 1020 terram
996 980 1137 1020 &loca
1156 979 1263 1019 sacra
1279 977 1541 1029 vifitantibus,
1557 979 1672 1018 beata
1694 977 1831 1018 Maria
1850 977 1932 1018 visi-

560 1041 692 1081 biliter
714 1050 964 1093 protegente.
992 1056 1005 1074 »

655 1130 862 1174 [Ludolphus
877 1129 918 1162 de
936 1129 1106 1170 Sudheim,
1123 1131 1174 1162 De
1192 1130 1311 1163 Itinere
1331 1127 1366 1161 T.
1380 1130 1422 1170 S„
1442 1140 1519 1173 pars
1539 1130 1568 1171 Ι,
1587 1141 1614 1162 c.
1633 1141 1670 1170 17
1691 1129 1875 1172 (Archives
1894 1131 1937 1162 de

558 1184 700 1218 l’Orient
715 1184 809 1224 latin,
827 1191 851 1216 t.
873 1184 919 1222 ΙΙ,
941 1183 1103 1225 Docum.,
1121 1195 1151 1226 p.
1174 1184 1278 1226 361);
1301 1182 1343 1215 cf.
1367 1182 1420 1215 ed.
1436 1184 1478 1216 D.
1493 1182 1632 1227 Deycks
1653 1183 1851 1227 (Stuttgart‚
1874 1181 1937 1215 Lit.

560 1238 696 1280 Verein,
720 1237 838 1280 1851),
859 1248 887 1281 p.
904 1238 996 1278 100.]

617 1338 630 1357 «
659 1319 726 1360 De
748 1320 942 1377 Damasco
971 1319 1136 1373 proceffi
1164 1319 1211 1358 ad
1244 1319 1462 1372 imaginem
1489 1317 1526 1357 b.
1550 1317 1730 1370 Virginis
1766 1318 1805 1356 in
1841 1317 1936 1357 Sar-

560 1381 670 1433 dany,
701 1380 765 1419 ubi
800 1378 855 1418 est
886 1379 999 1418 locus
1035 1378 1147 1418 fortis
1173 1377 1287 1430 supra
1316 1387 1485 1430 petram,
1516 1376 1563 1415 ad
1594 1376 1763 1415 modum
1788 1375 1938 1416 castelli

560 1449 741 1479 muratus
762 1440 801 1478 in
834 1438 1019 1488 circuitu,
1040 1438 1080 1476 in
1109 1451 1192 1490 quo
1220 1436 1308 1476 satis
1338 1435 1505 1489 pulchra
1528 1435 1583 1474 est
1610 1433 1786 1474 ecclefia.
1808 1435 1937 1475 Retro

560 1500 689 1538 maius
710 1497 832 1537 altare
854 1497 972 1550 ipsius
996 1497 1035 1536 in
1058 1511 1176 1535 muro
1200 1495 1334 1534 tabula
1350 1495 1537 1549 quaedam
1552 1506 1660 1533 retro
1677 1496 1789 1547 nigra
1805 1494 1843 1534 δι
1863 1495 1937 1533 hu-

561 1559 671 1598 mida
690 1557 878 1606 cernitur,
905 1556 943 1595 in
973 1569 1052 1608 qua
1080 1556 1214 1607 imago
1244 1553 1426 1607 gloriosae
1448 1553 1628 1605 Virginis
1659 1552 1758 1591 olim
1780 1553 1940 1605 depicta

561 1615 671 1657 fuiffe
703 1614 894 1665 afferitur,
918 1615 980 1654 sed
1013 1624 1178 1667 propter
1207 1612 1445 1651 vetustatem
1476 1611 1578 1651 nihil
1605 1612 1654 1650 de
1684 1610 1939 1651 lineamentis

561 1676 700 1730 figurae
725 1674 981 1727 distinguitur
1009 1674 1048 1712 in
1081 1673 1238 1722 eadem,
1264 1669 1335 1710 nifi
1366 1672 1475 1725 quod
1508 1670 1642 1723 aliqua
1681 1681 1793 1722 parte
1827 1671 1941 1710 color

561 1736 708 1775 rubeus
730 1735 828 1773 mihi
850 1733 1061 1772 videbatur
1090 1730 1319 1785 aliqualiter
1341 1744 1545 1783 apparere.
1578 1729 1679 1768 Haec
1701 1729 1835 1769 tabula
1856 1744 1941 1769 me-

564 1794 711 1835 diocris
741 1792 989 1847 quantitatis,
1023 1791 1136 1843 super
1169 1804 1236 1830 vas
1271 1789 1480 1843 quoddam
1510 1801 1784 1827 marmoreum
1819 1788 1943 1841 posita

564 1856 668 1894 intra
703 1866 855 1902 muros,
884 1850 1075 1890 cancellis
1106 1850 1242 1889 ferreis
1275 1849 1526 1901 praemunita,
1554 1848 1602 1886 de
1633 1846 1713 1899 ipsa
1740 1847 1943 1887 visibiliter

565 1913 701 1953 oleum
732 1910 839 1964 quasi
873 1911 1067 1949 continue
1097 1908 1229 1959 stillat,
1250 1908 1359 1961 quod
1396 1907 1584 1947 monachi
1615 1907 1858 1959 recipientes
1893 1906 1942 1946 de

564 1973 651 2013 vase
673 1984 918 2020 marmoreo,
940 1970 1048 2022 quod
1081 1968 1216 2007 subtus
1237 1967 1305 2017 est,
1328 1981 1398 2019 per
1421 1965 1626 2006 cancellos
1653 1963 1825 2005 immisso
1847 1966 1942 2005 cho-

565 2030 741 2070 chleario
761 2029 978 2083 peregrinis
995 2027 1237 2067 distribuunt
1251 2025 1340 2065 satis
1357 2025 1482 2078 large:
1502 2039 1573 2078 per
1590 2038 1756 2064 omnem
1773 2025 1943 2063 modum

565 2089 723 2129 videtur
743 2086 819 2128 effe
841 2088 979 2127 oleum
1000 2087 1131 2126 olivae.

623 2167 638 2186 «
666 2147 831 2188 Dicitur
852 2148 961 2200 quod
990 2146 1208 2200 aliquando
1239 2144 1287 2183 de
1315 2144 1390 2182 hac
1413 2143 1588 2196 imagine
1609 2142 1746 2182 oleum
1771 2143 1944 2182 miracu-

566 2209 646 2249 lose
666 2208 802 2256 fluxit3
824 2206 887 2246 sed
910 2204 936 2244 fi
959 2207 1037 2245 hoc
1066 2204 1233 2258 quidem
1259 2204 1384 2242 modo
1405 2203 1507 2255 fluit⁷
1537 2203 1676 2242 divino
1705 2202 1804 2241 fluat
1825 2201 1945 2240 mira-

565 2268 673 2318 culo,
703 2266 994 2306 rationabiliter
1021 2265 1182 2312 dubit03
1218 2262 1256 2303 &
1292 2263 1413 2302 etiam
1443 2262 1558 2302 multi
1592 2262 1656 2315 alij
1697 2261 1745 2301 de
1778 2261 1944 2300 veritate

566 2328 684 2367 huius
707 2325 797 2365 faeti
820 2339 904 2364 non
926 2323 1130 2363 immerito
1153 2322 1408 2361 altercantur.
1438 2339 1449 2356 ›>

661 2416 767 2460 [Guil.
787 2416 827 2448 de
848 2414 1032 2455 Baldensel,
1050 2412 1281 2456 Hodoeporicon
1298 2412 1347 2444 ad
1365 2413 1506 2443 ‘Terram
1524 2412 1686 2452 SanHam,
1701 2421 1727 2443 c.
1744 2411 1777 2442 X
1792 2409 1864 2454 (ap.
1880 2410 1946 2442 Ca-

567 2470 674 2511 nisius,
687 2469 874 2512 Thesaurus
889 2474 1154 2501 monumentorum
1169 2464 1509 2508 ecclefiasticorum,ed.
1519 2464 1681 2507 Basnage,
1692 2471 1713 2495 t.
1724 2464 1784 2503 IV,
1795 2475 1824 2507 p.
1837 2475 1851 2504 3
1860 2462 1945 2506 56).]

437 2586 462 2631 s.
488 2586 547 2631 Vl
570 2569 909 2631 NOTITIA
955 2564 1462 2625 AN‘TIOCHIAE
1502 2564 1611 2622 AC
1670 2563 1946 2622 HIERO-

569 2658 936 2720 SOLYMAE
961 2653 1775 2715 PATRIARCA‘TUUM.<11V>

666 2761 778 2804 [Edita
799 2760 912 2804 supra,
928 2768 948 2791 t.
969 2759 995 2798 Ι,
1014 2769 1067 2802 pp.
1091 2757 1269 2798 329-345.]
