2131 3552
807 234 944 298 (513)
1470 250 1551 301 ¹93

195 383 361 424 Sanetus
388 394 523 424 autem
556 384 653 424 nihil
682 396 872 432 moratus,
901 384 1094 438 dispositis
1121 385 1277 425 cellulae
1307 386 1558 439 utilitatibus,

193 455 358 496 accepta
386 444 550 483 fratrum
580 443 875 494 benedictione,
906 445 1035 496 primo
1057 459 1173 484 mane
1195 445 1343 497 incepit
1365 446 1449 496 iter,
1470 461 1557 499 per-

193 503 302 541 venit
323 502 369 542 ad
393 502 641 552 condictum,
667 503 812 554 reperit
835 503 886 541 ibi
910 503 1124 556 praemilsos
1154 504 1305 553 fratres,
1332 505 1557 559 pariterque

193 561 340 600 intrant
361 562 488 600 viam:
520 575 598 600 una
622 561 697 600 illis
719 562 864 612 anima,
892 577 970 601 una
990 563 1140 613 laetitia,
1167 578 1268 603 unus
1290 562 1416 602 dolor.
1449 563 1556 603 Cum

192 631 324 659 autem
344 630 448 659 trans
461 633 568 659 mare
582 620 844 660 Britannicum
857 622 974 671 vecti,
994 621 1146 662 Gallias
1163 621 1328 671 adirent,
1347 636 1391 661 ac
1409 621 1556 662 alienas

191 678 430 718 diversarum
450 679 631 732 gentium
653 678 807 732 linguas
829 681 1023 730 audirent,
1052 680 1278 734 linguarum
1300 681 1439 733 gratia,
1461 679 1558 720 ficut

191 737 431 790 apostolicus
464 736 529 776 ille
549 748 698 788 coetus,
724 738 869 779 ditatus
891 739 945 778 est
965 739 1100 778 David
1131 750 1254 792 pater,
1283 750 1326 778 ut
1351 754 1401 779 ne
1430 741 1466 778 in
1489 754 1558 778 ex-

191 796 334 836 traneis
365 795 553 849 degentes
574 795 773 848 gentibus,
804 797 1019 849 interprete
1045 808 1219 849 egerent.
1249 797 1442 837 Tandem
1463 811 1556 836 vero

190 855 236 893 ad
267 865 414 907 optatae
444 854 616 894 civitatis
650 854 857 912 Ierusalem
887 854 1065 894 confinia
1097 867 1374 908 pervenerunt.
1419 857 1556 896 Nocte

189 923 322 952 autem
352 923 443 951 ante
473 926 612 952 eorum
634 914 852 952 adventum
879 915 1111 966 patriarchae
1133 916 1172 954 in
1198 913 1345 955 somnis
1373 916 1557 967 apparuit

188 970 372 1024 angelus,
401 970 559 1011 dicens:
585 989 599 1008 «
625 972 731 1012 Tres
758 972 805 1011 ab
834 972 1041 1013 Occidentis
1060 971 1206 1013 finibus
1227 973 1415 1013 catholici
1437 973 1557 1013 adve-

191 1046 207 1066 (ι
226 1030 344 1069 niunt
364 1030 451 1081 viri,
472 1045 573 1084 quos
591 1045 683 1071 cum
698 1031 846 1085 gaudio
864 1031 1088 1084 suscipiens,
1109 1032 1208 1070 mihi
1225 1032 1264 1071 in
1281 1031 1556 1085 episcopatum

190 1088 492 1129 «benedicendo
505 1090 788 1130 consecrabis.»
808 1089 1136 1130 Patriarchavero
1151 1101 1227 1131 tres
1238 1091 1556 1132 honoratiffimas

189 1148 341 1200 paravit
357 1148 475 1188 ledes.
494 1149 818 1189 Advenientibus
835 1162 928 1202 ergo
947 1148 1087 1189 sanctis
1104 1148 1150 1188 ad
1169 1149 1388 1200 civitatem,
1406 1164 1554 1203 magno

187 1205 342 1247 laetatus
363 1208 524 1260 gaudiO,
551 1222 619 1248 eos
648 1208 818 1261 benigne
839 1207 1049 1260 suscipiens
1077 1208 1220 1260 paratis
1249 1207 1417 1259 sedibus,
1443 1209 1553 1262 spiri-

187 1265 283 1305 tuali
305 1266 514 1319 colloquio
536 1267 636 1317 freti,
656 1267 800 1320 gratias
818 1266 912 1306 Deo
933 1267 1130 1315 referunt3
1152 1267 1286 1306 divina
1307 1267 1429 1308 fultus
1450 1268 1555 1307 elec-

187 1325 297 1364 tione
319 1325 366 1364 ad
389 1325 776 1379 archiepiscopatum
799 1325 918 1365 Dewi
942 1326 1139 1378 provehit.

240 1401 258 1421 «
279 1385 355 1425 His
373 1385 555 1438 peractis,
572 1400 640 1426 eos
657 1385 884 1439 alloquens:
910 1403 925 1422 <z
949 1386 1143 1436 Obedite,
1164 1385 1306 1438 inquit,
1325 1385 1417 1425 voci
1434 1400 1553 1426 meae:

189 1459 204 1479 «
225 1442 455 1484 Iudaeorum
470 1445 640 1497 potestas
657 1445 859 1485 invalescit
875 1447 914 1485 in
929 1445 1179 1485 christianos:
1194 1459 1268 1484 nos
1281 1455 1555 1495 commovent,

189 1519 204 1539 <‹
224 1501 428 1556 fidemque
437 1503 647 1557 repellunt.
660 1505 724 1543 Ad
737 1505 1064 1558 praedicationem
1074 1517 1167 1557 ergo
1179 1504 1384 1556 procedite
1395 1503 1554 1557 singulis

187 1578 203 1598 «
226 1561 380 1612 diebus,
401 1572 444 1602 ut
460 1576 600 1602 eorum
616 1563 810 1602 violentia
825 1564 1033 1603 confutata
1049 1562 1235 1616 quiescat,
1251 1562 1418 1603 noscens
1435 1563 1554 1602 chris-

191 1637 206 1656 ‹<
227 1620 376 1659 tianam
397 1620 519 1659 fidem
541 1620 692 1661 ultimis
716 1631 825 1661 terrae
845 1621 992 1661 finibus
1010 1620 1267 1675 divulgatam.
1289 1637 1304 1657 »
1339 1621 1554 1663 Obediunt

189 1678 372 1732 imperio,
395 1680 612 1732 praedicant
632 1679 770 1733 finguli
794 1693 864 1733 per
883 1678 1058 1733 fingulos
1079 1680 1176 1730 dies,
1205 1678 1250 1719 fit
1275 1690 1384 1733 grata
1410 1681 1554 1733 praedi-

187 1739 307 1789 catio,
342 1737 474 1791 plures
501 1749 743 1778 convertunt
769 1739 816 1778 ad
845 1737 980 1789 fidem,
1008 1738 1106 1779 alios
1127 1739 1336 1778 roborant:
1369 1739 1554 1792 perfectis

191 1797 379 1837 omnibus
407 1798 575 1850 patriam
605 1808 803 1837 conantur
828 1797 967 1837 redire.
997 1798 1123 1837 Tunc
1154 1808 1266 1850 pater
1287 1797 1407 1838 Dewi
1438 1812 1459 1837 a
1486 1813 1555 1851 pa·-

188 1856 357 1896 triarcha
377 1867 550 1909 quatuor
570 1857 716 1896 ditatur
736 1857 981 1907 muneribus,
1008 1856 1117 1896 altari
1139 1856 1289 1896 scilicet
1309 1858 1554 1908 consecratO,

187 1915 224 1954 in
241 1929 322 1968 quo
339 1913 607 1955 Dominicum
625 1915 799 1956 sacrabat
809 1929 956 1969 corpus
969 1916 1092 1969 (quod
1108 1916 1328 1956 innumeris
1340 1916 1553 1956 virtutibus

188 1972 362 2026 pollens,
376 1988 584 2027 nunquam
601 1974 647 2013 ab
664 1974 897 2015 hominibus
912 1975 960 2014 ab
977 1976 1062 2015 eius
1078 1974 1282 2027 pontificis
1299 1974 1412 2015 obitu
1426 1975 1553 2014 visum

186 2032 254 2083 est,
271 2031 333 2071 sed
356 2031 495 2085 pelleis
516 2032 783 2073 velaminibus
805 2034 957 2073 tectum
979 2034 1257 2074 absconditum
1272 2034 1398 2085 latet),
1416 2033 1552 2086 infigni

186 2091 307 2130 etiam
342 2091 453 2141 nola,
482 2091 545 2131 sed
567 2091 605 2131 &
626 2091 707 2144 ipsa
725 2091 938 2133 virtutibus
959 2093 1100 2143 claret,
1125 2093 1269 2133 baculo
1292 2093 1330 2133 δι
1350 2093 1485 2132 tunica
1505 2107 1553 2132 ex

186 2163 282 2189 auro
314 2160 434 2189 texta.
467 2148 555 2204 Qui
587 2150 752 2190 baculus
773 2149 953 2203 gloriosis
984 2152 1170 2192 coruscus
1197 2152 1397 2192 miraculis
1427 2162 1553 2191 totam

186 2205 346 2261 infignis
373 2209 612 2261 praedicatur
632 2222 701 2261 per
717 2209 896 2261 patriam.
921 2226 936 2246 «
958 2209 1046 2261 Sed,
1062 2211 1193 2263 inquit
1208 2210 1440 2263 patriarcha,
1461 2210 1554 2261 quia

189 2265 425 2306 «laboriosa
457 2267 573 2307 vobis
606 2266 693 2306 sunt
727 2267 765 2306 in
800 2267 940 2307 itinere
972 2268 1018 2307 ad
1050 2268 1271 2318 ferendum,
1303 2269 1343 2307 in
1374 2282 1470 2321 pace
1505 2267 1551 2306 ad

189 2341 205 2362 «
227 2325 397 2378 patriam
410 2326 762 2378 revertimini3ego
780 2337 914 2365 autem
932 2326 1019 2379 post
1029 2341 1101 2367 vos
1118 2326 1391 2366 transmittam.
1407 2343 1422 2363 »
1448 2325 1551 2366 Patri

187 2384 434 2435 valedicunt,
447 2385 615 2438 patriam
633 2384 861 2424 adveniunt.
882 2384 1068 2441 Quisque
1083 2396 1218 2425 autem
1233 2399 1374 2425 eorum
1390 2386 1554 2439 patriar-

187 2444 272 2483 chae
294 2444 527 2497 promiffum
546 2444 818 2498 expedkantes,
839 2459 909 2498 per
925 2445 1089 2499 angelos
1110 2445 1198 2487 suos
1220 2444 1331 2486 miffa
1352 2446 1555 2499 accipiunt

187 2516 364 2542 munera.
389 2519 405 2539 2>

280 2568 514 2615 [Anonymus,
539 2569 658 2613 Vitas.
678 2570 848 2612 Davidis,
865 2582 891 2603 c.
915 2584 935 2611 4
955 2571 1040 2614 (AA.
1061 2573 1111 2604 SS.
1129 2571 1222 2612 Boll„
1240 2573 1363 2613 Mart„
1378 2572 1407 2614 Ι,
1429 2583 1458 2616 p.
1478 2573 1553 2615 44),-

189 2621 230 2654 cf.
253 2621 493 2655 Ricemarchus
515 2623 669 2667 episcop„
697 2623 772 2656 Vita
788 2623 821 2666 s.
847 2624 1004 2657 Davidis
1032 2625 1100 2668 (ed.
1125 2627 1185 2657 W.
1204 2624 1250 2656 T.
1270 2625 1372 2666 Rees,
1398 2625 1502 2657 Lives
1525 2626 1565 2668 (ff

192 2675 244 2708 the
265 2675 538 2719 Cambro-Britistz
555 2675 681 2717 Saints,
710 2677 878 2720 published
902 2677 953 2710 for
976 2678 1031 2710 the
1049 2677 1166 2710 Wellh
1184 2676 1253 2710 mff.
1276 2678 1422 2723 Society‚
1448 2678 1556 2709 Lhan-

192 2726 332 2772 dovery,
351 2731 450 2771 1853,
468 2737 520 2769 40,
538 2739 592 2772 pp.
610 2731 789 2771 135·136)‚
808 2729 899 2763 cuius
918 2729 1013 2772 vers.
1030 2729 1174 2772 anglica,
1190 2728 1284 2771 ibid„
1305 2741 1359 2774 pp.
1376 2730 1554 2771 437-438.]

400 2791 426 2824 P
1369 2805 1409 2836 25
