2131 3552
588 225 682 289 248
1209 223 1258 288 (5
1267 223 1347 284 86)

586 381 721 422 noster
749 381 886 421 retulit
912 382 1021 434 quod
1052 395 1147 420 cum
1176 381 1357 434 quinque
1387 380 1483 420 viris
1518 379 1681 433 aspexit,
1709 379 1772 420 sed
1807 381 1966 422 duobus

589 452 746 501 tanturn
767 441 963 494 apparuit.
990 457 1004 475 ψ

678 507 683 514 ι

683 517 842 561 [Gregor.
862 515 1080 558 Turonensis,
1099 517 1148 549 De
1160 515 1273 559 gloria
1294 522 1487 560 martyrum,
1507 515 1528 548 l.
1549 516 1576 557 1,
1589 526 1619 548 c.
1644 528 1658 548 1
1681 515 1747 557 (ed.
1775 515 1968 558 Bordier,1,

589 583 619 615 p·
638 571 704 614 8)-]

288 680 375 711 ant.
389 681 459 710 an.
480 662 567 728 586
591 670 857 724 IOHANNES,
883 668 1076 727 leprosus,
1097 685 1116 710 e
1143 667 1287 715 Gallia
1311 667 1515 721 oriundus,
1537 665 1575 709 δ’
1596 666 1704 709 ALII
1725 666 1863 728 leprosi
1873 667 1968 726 plu-

588 742 696 784 rimi.
725 747 824 790 (405)

646 843 659 859 x:
687 823 797 863 Nam
821 823 900 862 vidi
928 833 1020 862 ante
1040 823 1119 862 hoc
1142 833 1300 874 tempus
1323 821 1546 872 hominem,
1567 819 1763 860 Ioannem
1787 822 1969 873 nom-ine,

591 882 659 936 qui
681 896 703 920 a
727 881 866 922 Galliis
888 880 1066 934 leprosus
1093 881 1255 932 abierat,
1277 880 1314 920 δι
1347 881 1385 920 in
1408 881 1492 933 ipso
1518 881 1612 920 loco
1634 895 1715 934 quo
1739 879 1969 920 Dominum

591 941 766 980 diximus
789 941 1039 993 baptizatum
1067 941 1198 980 aiebat
1219 940 1254 979 se
1286 953 1355 992 per
1384 954 1534 979 annum
1556 942 1760 994 integrum
1781 953 1970 978 commo-

591 1010 720 1040 ratum
751 998 875 1039 fuiffe.
904 999 993 1055 Qui
1025 1000 1169 1039 affidue
1189 999 1378 1039 abluebat
1407 999 1442 1038 se
1464 999 1502 1038 in
1531 1013 1668 1048 amne3
1699 999 1761 1038 sed
1790 998 1970 1038 redditus

592 1058 765 1112 pristinae
795 1059 1080 1109 incolumitati,
1109 1059 1325 1098 reformata
1357 1059 1395 1097 in
1425 1057 1570 1098 melius
1592 1069 1698 1108 cute,
1728 1058 1882 1097 sanatus
1903 1056 1970 1096 est.

591 1118 672 1158 Hic
697 1118 887 1171 reliquias
918 1118 1044 1157 beatae
1067 1117 1212 1157 Mariae
1234 1117 1281 1157 ab
1302 1117 1571 1175 Hierosolymis
1599 1117 1816 1169 accipiens,
1837 1129 1970 1155 rever-

593 1178 750 1217 tebatur
790 1178 828 1216 in
869 1178 1050 1230 patriam,
1085 1176 1147 1216 sed
1195 1177 1304 1230 prius
1343 1176 1504 1216 Romam
1548 1176 1657 1215 adire
1704 1175 1893 1229 disposuit
1896 1205 1970 1215 ......

592 1235 755 1276 Multos
776 1237 898 1275 etiam
919 1236 1094 1276 vidimus
1116 1235 1184 1288 qui
1203 1234 1267 1274 vel
1288 1235 1327 1274 in
1345 1235 1508 1275 Iordane
1529 1234 1591 1274 vel
1612 1234 1653 1274 in
1675 1235 1788 1288 aquis
1809 1234 1972 1274 Levidae

591 1295 700 1335 urbis
723 1295 835 1335 tinch
858 1295 906 1335 ab
927 1295 1007 1334 hoc
1028 1295 1186 1333 fuerant
1207 1294 1350 1333 morbo
1373 1293 1514 1347 [lepra]
1538 1294 1734 1334 mundati.
1753 1311 1768 1330 ι»

687 1372 848 1415 [Gregor.
873 1369 1092 1412 Turonenfis‚
1112 1372 1161 1402 De
1173 1369 1285 1413 gloria
1301 1376 1491 1413 martyrum,
1503 1369 1522 1402 l.
1536 1370 1600 1411 I‚c.
1624 1381 1664 1411 19
1681 1369 1751 1412 (ed.
1772 1367 1925 1410 Bordier‚
1943 1368 1970 1410 1,

593 1438 625 1470 P·
646 1425 732 1469 54)·]

591 1553 658 1578 ant.
680 1556 732 1577 an.
756 1547 831 1586 586-
852 1544 979 1576 FAMEs
999 1552 1034 1575 IN
1055 1552 1214 1588 QUODAM
1233 1551 1475 1575 MONASTssiuo
1500 1544 1876 1574 HieRosoLYmTANo.

739 1629 750 1644 «
773 1613 1018 1647 Monasterium
1039 1613 1081 1646 est
1098 1613 1193 1647 valde
1221 1625 1380 1657 magnum
1406 1612 1438 1644 in
1466 1611 1683 1655 Hierusalem,
1709 1623 1774 1644 non
1801 1610 1970 1643 modicam

686 1669 812 1701 habens
845 1667 1157 1712 congregationem,
1189 1667 1219 1699 in
1250 1678 1317 1710 quo
1347 1677 1411 1698 non
1445 1665 1548 1698 solum
1576 1665 1713 1698 devotio
1744 1664 1856 1708 populi
1888 1664 1972 1708 saepe

687 1721 833 1765 plurima
861 1720 1002 1756 confert,
1033 1731 1146 1752 verum
1174 1718 1275 1751 etiam
1303 1718 1517 1763 imperatoris
1544 1718 1624 1751 iuffu
1657 1718 1702 1750 ibi
1732 1729 1798 1749 non
1834 1715 1973 1748 minima

687 1775 885 1819 largiuntur.
906 1773 1047 1806 Accidit
1064 1781 1174 1805 autem
1195 1773 1344 1816 quodam
1365 1781 1515 1816 ternpore
1533 1780 1568 1804 ut
1584 1784 1651 1816 prae
1667 1770 1802 1816 penuria
1820 1769 1972 1815 egestatis

686 1829 784 1862 valde
804 1829 850 1861 eis
869 1827 972 1860 vifius
992 1825 1171 1859 necessaria
1190 1824 1428 1859 defeciffent..„
1449 1840 1460 1855 »

831 1900 1033 1945 [Gregorius
1054 1901 1201 1941 Turon.,
1218 1901 1268 1933 De
1281 1899 1393 1943 gloria
1411 1907 1602 1944 martyrum,
1621 1900 1639 1932 Ι.
1656 1900 1684 1940 Ι,
1698 1910 1725 1932 c.
1742 1911 1754 1931 1
1766 1912 1778 1932 1
1804 1899 1868 1941 (ed.
1889 1899 1972 1932 Bor-

782 1954 945 1997 dier,1,p.
971 1954 1050 1995 34).]

416 2085 452 2113 c.
484 2066 575 2131 586
596 2057 924 2138 Gregorius
956 2051 1332 2113 Turonenlis.
1368 2071 1426 2114 (¹J')

1058 2198 1072 2216 «
1108 2179 1307 2234 Defluvio
1328 2176 1512 2218 Iordane.

653 2287 665 2304 (ν
688 2269 738 2308 Et
757 2268 844 2321 quia
868 2267 1018 2307 Ioannis
1037 2266 1220 2320 Baptg'stae
1249 2265 1489 2314 meminimus,
1510 2264 1660 2316 dignum
1686 2265 1736 2318 est
1758 2273 1799 2302 ut
1825 2264 1867 2302 de
1886 2261 1973 2302 Ior-
2011 2268 2014 2272 ’

595 2329 698 2368 dane
720 2328 851 2380 aliqua
872 2341 1118 2365 memoremus.
1147 2324 1272 2378 Igitur
1295 2341 1317 2363 a
1338 2334 1451 2363 monte
1478 2322 1631 2363 Phanio
1654 2323 1722 2361 duo
1751 2323 1976 2380 consurgunt

584 2390 724 2442 fontes,
745 2402 899 2440 quorum
928 2401 1021 2425 unus
1041 2383 1123 2434 Ior,
1158 2384 1256 2423 alter
1284 2382 1378 2422 Dan
1410 2383 1622 2422 vocitatur:
1643 2382 1706 2434 qui
1734 2383 1780 2421 ab
1814 2392 1974 2434 utraque

591 2457 704 2501 porte
731 2445 945 2486 Phaniadae
976 2445 1092 2494 urbis,
1116 2459 1197 2497 quae
1212 2443 1321 2496 prius
1353 2441 1533 2483 Caesarea
1555 2441 1730 2494 Philippi
1750 2442 1973 2488 vocabatur,

598 2506 857 2564 descendentes,
890 2505 957 2557 sub
989 2504 1071 2556 ipsu
1093 2504 1184 2542 urbe
1218 2511 1294 2540 tam
1310 2502 1459 2554 fluentis
1480 2500 1672 2550 coniuneti,
1701 2515 1812 2553 quam
1833 2501 1974 2539 nomine

598 2580 680 2614 uno,
701 2557 916 2604 Iordanem
937 2556 1112 2618 efficiunt,
1142 2562 1205 2614 qui
1237 2561 1348 2618 usque
1375 2560 1570 2599 Hiericho
1592 2560 1782 2599 civitatem
1804 2560 1847 2599 {9⁵
1867 2559 1973 2599 ultra

599 2624 734 2678 defluit.
760 2623 802 2661 ln
825 2638 860 2661 eo
881 2623 1040 2661 hahetur
1059 2621 1154 2660 locus
1175 2621 1211 2659 in
1233 2635 1299 2672 quo
1319 2619 1503 2659 Dominus
1522 2620 1738 2672 baptizatus
1757 2619 1818 2671 est.
1841 2618 1886 2658 In
1905 2633 1974 2657 uno

598 2683 725 2722 etenim
755 2683 899 2736 reflexu
934 2696 1034 2734 aqua
1062 2681 1143 2738 ispa
1174 2679 1403 2729 revolvitur,
1432 2679 1468 2718 in
1496 2694 1569 2731 qua
1595 2693 1690 2716 num·
1714 2677 1845 2732 leprosi
1863 2693 1971 2717 mun-

599 2743 751 2782 dantur.
782 2740 874 2780 Cum
915 2750 1035 2780 autem
1075 2738 1312 2788 advenerint,
1342 2736 1481 2792 saepius
1514 2737 1704 2776 lavantur
1742 2736 1779 2776 in
1799 2736 1973 2790 flumine,
