2131 3552
800 244 936 307 (373)
1489 246 1550 306 67

280 402 322 443 [S.
347 401 582 446 HieronymuS,
603 399 735 444 Epistola
752 401 914 440 XXXIX,
933 402 980 432 ad
1011 399 1146 432 Paulam
1179 400 1331 443 (Migne,
1362 401 1450 433 Patr.
1482 402 1552 442 lat.,

186 455 298 495 XXII,
316 465 345 487 c.
366 455 476 498 47¹)·]

241 558 255 576 «
283 541 325 581 O
344 541 492 579 invidia
513 539 687 592 primum
710 539 876 578 mordax
896 539 971 578 tui!
996 539 1038 580 O
1062 539 1215 579 Satanae
1236 538 1432 578 calliditas
1454 539 1552 579 sem-

188 614 256 652 per
289 598 419 638 smnsta
449 597 708 650 persequens!
749 596 885 636 Nullae
916 598 1003 636 aliae
1034 597 1231 636 Romanae
1262 598 1346 636 urbi
1378 597 1551 637 fabulam

188 658 456 710 praebuerunt,
473 653 541 695 nisi
570 654 689 695 Paula
711 655 748 695 &
772 655 1014 706 Melanium,
1041 671 1130 709 quae
1151 657 1398 708 contemptis
1428 656 1552 695 facul-

187 716 344 765 tatibus,
370 713 681 767 pignoribusque
703 714 875 765 desertis,
906 728 1071 754 crucem
1095 713 1267 754 Domini
1291 713 1398 768 quasi
1421 715 1552 768 quod-

186 775 278 814 dam
299 774 456 827 pietatis
478 773 658 812 levavere
679 773 884 814 vexillum.
912 790 926 809 2>

279 864 321 906 [S.
341 863 581 910 Hieronymus,
600 862 734 907 Epistola
754 864 857 905 XLV,
873 865 921 896 ad
937 863 1090 906 Asellam,
1111 875 1138 896 c.
1158 876 1179 904 4
1200 862 1352 907 (Migne,
1372 865 1460 896 Patr.
1479 864 1551 903 lat.,

185 917 296 957 XXII,
319 927 347 949 c.
367 917 476 960 481).]

241 1041 255 1061 «
274 1023 469 1074 Melania,
486 1022 723 1063 nobiliffima
740 1023 954 1064 mulierum
971 1024 1252 1064 Romanorum
1265 1024 1303 1063 &
1318 1023 1551 1064 Marcellini

185 1082 391 1137 quondam
408 1081 580 1122 consulis
601 1081 696 1133 filia,
716 1084 837 1122 unico
856 1094 1026 1136 praetore
1047 1094 1144 1122 tunc
1165 1083 1320 1122 urbano
1341 1082 1424 1122 filio
1442 1083 1555 1122 dere-

185 1141 296 1192 liE'to,
318 1141 574 1199 lerosolymam
590 1142 804 1195 navigavit,
833 1142 899 1181 ubi
923 1153 1038 1182 tanto
1055 1143 1250 1182 virtutum
1274 1143 1554 1195 praecipueque

185 1201 260 1240 fuit
279 1200 515 1240 humilitatis
537 1200 747 1251 miraculo,
768 1212 811 1240 ut
830 1201 975 1241 Teclae
995 1215 1145 1240 nomen
1167 1201 1379 1253 acceperit.
1406 1218 1420 1236 »

279 1294 322 1335 [S.
352 1292 591 1339 Hieronymus,
623 1292 807 1335 chronicon,
839 1304 890 1326 an.
919 1305 982 1334 377
1012 1293 1166 1338 (Migne,
1196 1295 1286 1327 Patr.
1310 1294 1385 1336 lat.,
1411 1296 1553 1338 XXVII,

184 1357 212 1379 c.
232 1345 343 1390 697)-]

241 1461 256 1480 <‹
284 1443 395 1483 Mihi
424 1458 588 1497 quoque
618 1442 688 1497 ipsi
719 1444 936 1498 aliquando
970 1459 1065 1485 cum
1094 1447 1142 1485 de
1175 1445 1355 1485 Bethleem
1378 1445 1555 1501 Ierosoly-

185 1516 283 1540 mam
316 1501 481 1541 veniffet
509 1502 814 1557 [Hieronymus]
848 1503 886 1543 δε
906 1503 1094 1543 codicem
1115 1503 1248 1543 secum
1270 1502 1481 1553 detulisset,
1515 1505 1553 1543 in

185 1573 267 1612 quo
297 1571 382 1599 erat
415 1575 517 1600 unus
538 1561 721 1614 dialogus
743 1562 970 1613 Ciceronis,
1000 1562 1038 1602 &
1060 1563 1165 1602 idem
1189 1562 1267 1615 ipse
1288 1577 1442 1616 graecus
1464 1562 1555 1602 Pla-

183 1618 304 1670 tonis,
327 1621 435 1673 quod
458 1620 616 1660 dederit
636 1620 764 1674 ipsum
785 1622 986 1672 codicem,
1007 1621 1045 1661 &
1060 1621 1293 1674 aliquandiu
1315 1622 1433 1661 fuerit
1449 1622 1554 1674 apud

183 1690 261 1728 me,
280 1677 394 1717 nullo
415 1693 562 1732 genere
582 1693 726 1733 negare
747 1680 887 1733 potest.
913 1680 988 1719 Sed
1012 1680 1106 1734 quid
1131 1681 1326 1720 immoror
1357 1681 1494 1720 tandiu
1517 1681 1555 1720 in

183 1750 239 1787 re,
260 1752 350 1790 quae
371 1737 461 1777 luce
484 1738 539 1777 est
559 1738 727 1778 clarior?
757 1752 851 1778 cum
872 1738 920 1778 ad
943 1739 1029 1778 haec
1050 1740 1188 1778 omnia
1209 1754 1299 1793 quae
1319 1738 1434 1792 supra
1455 1740 1557 1779 dixi-

184 1809 287 1847 mus,
307 1797 429 1836 etiam
445 1796 543 1836 illud
563 1797 743 1848 addatur,
765 1797 833 1836 ubi
854 1796 975 1837 ceffet
994 1812 1116 1837 omne
1132 1809 1426 1849 commentum,
1447 1799 1556 1851 quod

184 1857 224 1896 in
255 1855 497 1896 monasterio
538 1856 686 1909 positus
726 1857 765 1895 in
800 1856 983 1896 Bethleem
1014 1868 1107 1896 ante
1147 1872 1229 1896 non
1263 1856 1392 1896 multo
1427 1858 1557 1896 adhuc

185 1926 366 1968 tempore
388 1925 520 1968 partes
540 1916 821 1969 grammaticas
844 1915 1052 1955 exsecutus
1074 1914 1119 1955 s1t
1140 1946 1271 1955 .....

240 2038 256 2058 «
281 2020 416 2060 Etiam
447 2035 523 2061 nec
558 2021 655 2061 illud
691 2022 775 2062 eius
812 2022 1088 2076 [Hieronymi]
1125 2022 1361 2062 admirabile
1396 2023 1550 2062 fa&um

184 2079 380 2120 silendum
421 2079 496 2131 est,
539 2095 590 2119 ne
624 2081 821 2133 pudorem
855 2081 1097 2121 incutiamus
1133 2082 1411 2132 audientibus,
1445 2083 1553 2135 quod

186 2138 417 2180 Marcellini
444 2138 617 2179 consulis
637 2150 815 2192 neptem,
849 2154 985 2194 quam,
1006 2140 1204 2180 Romanae
1226 2140 1448 2181 nobilitatis
1475 2142 1556 2194 pri-

184 2212 306 2249 mam,
340 2198 508 2251 parvulo
538 2197 621 2237 filio
645 2197 774 2238 Romae
803 2199 1011 2250 dereli&o,
1047 2199 1303 2256 lerosolymam
1331 2200 1482 2253 petiiffe
1518 2200 1555 2240 δι

185 2257 239 2297 ibi
260 2257 313 2296 ob
334 2258 482 2312 infigne
514 2259 702 2299 meritum
723 2259 882 2299 virtutis
902 2258 1078 2299 Teclam
1108 2259 1371 2310 nominatam,
1406 2260 1444 2299 in
1467 2260 1556 2313 ipsis

185 2316 388 2357 chronicis
409 2317 484 2358 suis
505 2317 709 2371 scripserat
729 2348 737 2357 .
759 2349 768 2358 .
791 2349 798 2357 .
816 2335 832 2354 »

281 2413 448 2456 [Rufinus,
473 2413 628 2458 Apologia
650 2414 822 2457 adversus
841 2413 1078 2458 Hieronymum,
1102 2413 1121 2446 l.
1142 2415 1185 2455 Π,
1219 2425 1246 2447 c.
1264 2418 1294 2456 8,
1327 2418 1368 2448 26
1401 2413 1557 2458 (Migne,

186 2467 275 2500 Patr.
297 2466 368 2509 lat„
384 2468 479 2509 XXI,
498 2478 546 2501 cc.
570 2479 648 2511 591,
666 2468 771 2510 605).]

243 2582 259 2602 «
285 2565 456 2606 Addidit
476 2576 611 2606 autem
633 2565 839 2606 Dominus
860 2566 963 2606 hanc
982 2567 1150 2620 gratiam
1179 2567 1228 2605 de
1256 2566 1489 2606 muneribus
1518 2566 1554 2606 &

188 2624 329 2664 litteris
357 2625 448 2676 tuis,
482 2637 525 2665 ut
554 2626 601 2664 ad
630 2639 698 2665 eos
729 2625 973 2678 potiffimum
1004 2626 1088 2665 dies
1121 2625 1238 2665 nobis
1270 2625 1388 2664 frater
1411 2625 1556 2665 Vi&or

189 2694 435 2735 occurreret,
455 2684 601 2738 quibus
623 2683 796 2724 sanatam
816 2684 939 2738 ipsam
961 2683 1217 2738 [Melaniam]
1241 2698 1290 2723 ex
1310 2683 1555 2741 Hierusalem

191 2742 277 2797 post
302 2743 480 2796 quinque
502 2743 620 2783 lustra
639 2754 884 2784 remeantem
904 2744 1131 2797 recepimus
1135 2773 1265 2783 .....
