<?xml version="1.0" encoding="UTF-8"?>
<!DOCTYPE html PUBLIC "-//W3C//DTD XHTML 1.0 Transitional//EN"
    "http://www.w3.org/TR/xhtml1/DTD/xhtml1-transitional.dtd">
<html xmlns="http://www.w3.org/1999/xhtml" xml:lang="en" lang="en">
 <head>
  <title>
</title>
<meta http-equiv="Content-Type" content="text/html;charset=utf-8" />
  <meta name='ocr-system' content='tesseract 3.04.00' />
  <meta name='ocr-capabilities' content='ocr_page ocr_carea ocr_par ocr_line ocrx_word'/>
</head>
<body>
  <div class='ocr_page' id='page_1' title='image "./p1itinerahierosoly02tobl_0093.png"; bbox 0 0 2131 3552; ppageno 0'>
   <div class='ocr_carea' id='block_1_1' title="bbox 702 217 1508 312">
    <p class='ocr_par' dir='ltr' id='par_1_1' title="bbox 702 217 1508 312">
     <span class='ocr_line' id='line_1_1' title="bbox 702 217 1508 312; baseline 0.007 -35"><span class='ocrx_word' id='word_1_1' title='bbox 702 217 966 280; x_wconf 78' lang='lat'>(389·390)</span> <span class='ocrx_word' id='word_1_2' title='bbox 1043 310 1046 312; x_wconf 64' lang='lat'>‚</span> <span class='ocrx_word' id='word_1_3' title='bbox 1448 236 1508 284; x_wconf 84' lang='lat'>79</span> 
     </span>
    </p>
   </div>
   <div class='ocr_carea' id='block_1_2' title="bbox 498 310 632 313">
    <p class='ocr_par' dir='ltr' id='par_1_2' title="bbox 498 310 632 313">
     <span class='ocr_line' id='line_1_2' title="bbox 498 310 632 313; baseline 0 0"><span class='ocrx_word' id='word_1_4' title='bbox 498 310 632 313; x_wconf 95' lang='lat' dir='ltr'> </span> 
     </span>
    </p>
   </div>
   <div class='ocr_carea' id='block_1_3' title="bbox 816 310 950 314">
    <p class='ocr_par' dir='ltr' id='par_1_3' title="bbox 816 310 950 314">
     <span class='ocr_line' id='line_1_3' title="bbox 816 310 950 314; baseline 0 0"><span class='ocrx_word' id='word_1_5' title='bbox 816 310 950 314; x_wconf 95' lang='lat' dir='ltr'> </span> 
     </span>
    </p>
   </div>
   <div class='ocr_carea' id='block_1_4' title="bbox 161 373 885 475">
    <p class='ocr_par' dir='ltr' id='par_1_4' title="bbox 161 373 885 475">
     <span class='ocr_line' id='line_1_4' title="bbox 161 373 718 414; baseline 0.005 -11"><span class='ocrx_word' id='word_1_6' title='bbox 161 374 235 414; x_wconf 85' lang='lat'><strong>389.</strong></span> <span class='ocrx_word' id='word_1_7' title='bbox 263 373 432 407; x_wconf 77' lang='lat' dir='ltr'>SYNODUS</span> <span class='ocrx_word' id='word_1_8' title='bbox 452 374 718 408; x_wconf 72' lang='grc' dir='ltr'>ΑΝτιοει-ιεΝΛ.</span> 
     </span>
     <span class='ocr_line' id='line_1_5' title="bbox 389 432 885 475; baseline 0.002 -10"><span class='ocrx_word' id='word_1_9' title='bbox 389 433 528 475; x_wconf 80' lang='lat' dir='ltr'>[Manfi,</span> <span class='ocrx_word' id='word_1_10' title='bbox 548 432 700 474; x_wconf 71' lang='lat' dir='ltr'>Concilio,</span> <span class='ocrx_word' id='word_1_11' title='bbox 719 433 778 474; x_wconf 87' lang='grc' dir='ltr'>ΙΙΙ,</span> <span class='ocrx_word' id='word_1_12' title='bbox 794 434 885 474; x_wconf 85' lang='grc'>687.]</span> 
     </span>
    </p>
   </div>
   <div class='ocr_carea' id='block_1_5' title="bbox 0 525 1510 717">
    <p class='ocr_par' dir='ltr' id='par_1_5' title="bbox 0 525 1510 717">
     <span class='ocr_line' id='line_1_6' title="bbox 0 525 755 607; baseline 0.007 -27"><span class='ocrx_word' id='word_1_13' title='bbox 0 552 16 580; x_wconf 75' lang='lat' dir='ltr'>r.</span> <span class='ocrx_word' id='word_1_14' title='bbox 44 536 133 598; x_wconf 86' lang='lat'>388</span> <span class='ocrx_word' id='word_1_15' title='bbox 153 525 202 584; x_wconf 88' lang='lat' dir='ltr'>S.</span> <span class='ocrx_word' id='word_1_16' title='bbox 238 526 650 607; x_wconf 76' lang='lat' dir='ltr'>Hieronymus</span> <span class='ocrx_word' id='word_1_17' title='bbox 680 541 755 585; x_wconf 80' lang='lat' dir='ltr'>(xx)</span> 
     </span>
     <span class='ocr_line' id='line_1_7' title="bbox 249 619 1510 665; baseline 0.002 -13"><span class='ocrx_word' id='word_1_18' title='bbox 249 620 476 665; x_wconf 75' lang='lat' dir='ltr'>{Onomasticon</span> <span class='ocrx_word' id='word_1_19' title='bbox 505 620 634 652; x_wconf 84' lang='lat' dir='ltr'>urbium</span> <span class='ocrx_word' id='word_1_20' title='bbox 665 621 701 652; x_wconf 65' lang='lat'>&amp;²5</span> <span class='ocrx_word' id='word_1_21' title='bbox 725 620 860 653; x_wconf 79' lang='lat' dir='ltr'>locorum</span> <span class='ocrx_word' id='word_1_22' title='bbox 880 619 990 662; x_wconf 84' lang='lat' dir='ltr'>sacrae</span> <span class='ocrx_word' id='word_1_23' title='bbox 1019 619 1212 664; x_wconf 57' lang='lat' dir='ltr'>scripturae,</span> <span class='ocrx_word' id='word_1_24' title='bbox 1248 620 1349 653; x_wconf 75' lang='lat' dir='ltr'>versio</span> <span class='ocrx_word' id='word_1_25' title='bbox 1378 621 1510 664; x_wconf 90' lang='lat' dir='ltr'>Eusebij</span> 
     </span>
     <span class='ocr_line' id='line_1_8' title="bbox 155 672 1509 717; baseline 0.001 -12"><span class='ocrx_word' id='word_1_26' title='bbox 155 675 201 714; x_wconf 84' lang='lat' dir='ltr'>(v.</span> <span class='ocrx_word' id='word_1_27' title='bbox 222 673 314 717; x_wconf 86' lang='lat' dir='ltr'>supra</span> <span class='ocrx_word' id='word_1_28' title='bbox 341 673 382 706; x_wconf 85' lang='lat' dir='ltr'>ad</span> <span class='ocrx_word' id='word_1_29' title='bbox 401 685 476 706; x_wconf 84' lang='lat' dir='ltr'>ann.</span> <span class='ocrx_word' id='word_1_30' title='bbox 492 673 590 716; x_wconf 83' lang='lat'>320),</span> <span class='ocrx_word' id='word_1_31' title='bbox 613 673 664 705; x_wconf 86' lang='lat' dir='ltr'>ed.</span> <span class='ocrx_word' id='word_1_32' title='bbox 682 674 719 705; x_wconf 80' lang='lat' dir='ltr'>F.</span> <span class='ocrx_word' id='word_1_33' title='bbox 736 673 872 705; x_wconf 79' lang='lat' dir='ltr'>Lnrsow</span> <span class='ocrx_word' id='word_1_34' title='bbox 886 673 916 705; x_wconf 70' lang='grc' dir='ltr'>δι</span> <span class='ocrx_word' id='word_1_35' title='bbox 932 673 974 705; x_wconf 89' lang='lat' dir='ltr'>G.</span> <span class='ocrx_word' id='word_1_36' title='bbox 990 672 1147 717; x_wconf 86' lang='lat' dir='ltr'>Parthey,</span> <span class='ocrx_word' id='word_1_37' title='bbox 1166 674 1286 714; x_wconf 87' lang='lat' dir='ltr'>Berol.,</span> <span class='ocrx_word' id='word_1_38' title='bbox 1310 677 1409 715; x_wconf 82' lang='lat'>1862,</span> <span class='ocrx_word' id='word_1_39' title='bbox 1427 675 1509 707; x_wconf 85' lang='lat' dir='ltr'>in-S.</span> 
     </span>
    </p>
   </div>
   <div class='ocr_carea' id='block_1_6' title="bbox 152 731 1510 881">
    <p class='ocr_par' dir='ltr' id='par_1_6' title="bbox 152 731 1510 881">
     <span class='ocr_line' id='line_1_9' title="bbox 152 731 1510 778; baseline 0.001 -14"><span class='ocrx_word' id='word_1_40' title='bbox 152 732 303 764; x_wconf 82' lang='lat' dir='ltr'>—Liher</span> <span class='ocrx_word' id='word_1_41' title='bbox 323 731 592 776; x_wconf 77' lang='lat' dir='ltr'>interpretationis</span> <span class='ocrx_word' id='word_1_42' title='bbox 615 732 840 765; x_wconf 79' lang='lat' dir='ltr'>hebraicorum</span> <span class='ocrx_word' id='word_1_43' title='bbox 863 732 1031 773; x_wconf 85' lang='lat' dir='ltr'><em>nominum,</em></span> <span class='ocrx_word' id='word_1_44' title='bbox 1059 733 1110 765; x_wconf 86' lang='lat' dir='ltr'>ed.</span> <span class='ocrx_word' id='word_1_45' title='bbox 1130 732 1250 766; x_wconf 83' lang='lat' dir='ltr'>Paulus</span> <span class='ocrx_word' id='word_1_46' title='bbox 1275 732 1315 765; x_wconf 91' lang='lat' dir='ltr'>de</span> <span class='ocrx_word' id='word_1_47' title='bbox 1346 733 1510 778; x_wconf 77' lang='lat' dir='ltr'>Lagarde,</span> 
     </span>
     <span class='ocr_line' id='line_1_10' title="bbox 153 784 602 828; baseline 0.002 -12"><span class='ocrx_word' id='word_1_48' title='bbox 153 784 368 828; x_wconf 87' lang='lat' dir='ltr'>Goettingue,</span> <span class='ocrx_word' id='word_1_49' title='bbox 391 788 489 826; x_wconf 85' lang='lat'>1870,</span> <span class='ocrx_word' id='word_1_50' title='bbox 507 785 602 827; x_wconf 89' lang='lat' dir='ltr'>in—8.]</span> 
     </span>
     <span class='ocr_line' id='line_1_11' title="bbox 202 836 618 881; baseline 0 -11"><span class='ocrx_word' id='word_1_51' title='bbox 202 836 272 879; x_wconf 84' lang='lat' dir='ltr'>(Cf.</span> <span class='ocrx_word' id='word_1_52' title='bbox 292 837 416 871; x_wconf 81' lang='lat' dir='ltr'>Itinera</span> <span class='ocrx_word' id='word_1_53' title='bbox 428 848 553 881; x_wconf 70' lang='lat' dir='ltr'>gram,</span> <span class='ocrx_word' id='word_1_54' title='bbox 571 837 618 880; x_wconf 93' lang='lat'>1.)</span> 
     </span>
    </p>
   </div>
   <div class='ocr_carea' id='block_1_7' title="bbox 41 929 1512 1131">
    <p class='ocr_par' dir='ltr' id='par_1_7' title="bbox 41 929 1512 1131">
     <span class='ocr_line' id='line_1_12' title="bbox 41 929 1512 990; baseline 0 -15"><span class='ocrx_word' id='word_1_55' title='bbox 41 941 132 990; x_wconf 74' lang='lat'>390</span> <span class='ocrx_word' id='word_1_56' title='bbox 155 931 404 974; x_wconf 79' lang='lat' dir='ltr'>IOHANNES</span> <span class='ocrx_word' id='word_1_57' title='bbox 440 929 716 975; x_wconf 84' lang='lat' dir='ltr'>CASSIANUS</span> <span class='ocrx_word' id='word_1_58' title='bbox 763 931 807 974; x_wconf 75' lang='grc' dir='ltr'>ὅ(</span> <span class='ocrx_word' id='word_1_59' title='bbox 854 931 1157 987; x_wconf 84' lang='lat' dir='ltr'>GERMANUS‚</span> <span class='ocrx_word' id='word_1_60' title='bbox 1204 933 1316 974; x_wconf 85' lang='lat' dir='ltr'>ambo</span> <span class='ocrx_word' id='word_1_61' title='bbox 1362 932 1512 990; x_wconf 73' lang='lat' dir='ltr'>scythi,</span> 
     </span>
     <span class='ocr_line' id='line_1_13' title="bbox 150 1000 1511 1063; baseline 0.001 -19"><span class='ocrx_word' id='word_1_62' title='bbox 150 1018 309 1059; x_wconf 86' lang='lat' dir='ltr'>quorum</span> <span class='ocrx_word' id='word_1_63' title='bbox 326 1004 483 1061; x_wconf 83' lang='lat' dir='ltr'>primus</span> <span class='ocrx_word' id='word_1_64' title='bbox 510 1019 586 1061; x_wconf 80' lang='lat' dir='ltr'>per</span> <span class='ocrx_word' id='word_1_65' title='bbox 613 1012 670 1063; x_wconf 83' lang='lat'>30</span> <span class='ocrx_word' id='word_1_66' title='bbox 700 1005 857 1044; x_wconf 83' lang='lat' dir='ltr'><em>circiter</em></span> <span class='ocrx_word' id='word_1_67' title='bbox 883 1019 1006 1045; x_wconf 80' lang='lat' dir='ltr'>annos</span> <span class='ocrx_word' id='word_1_68' title='bbox 1041 1003 1086 1044; x_wconf 79' lang='lat' dir='ltr'>ab</span> <span class='ocrx_word' id='word_1_69' title='bbox 1111 1019 1212 1045; x_wconf 80' lang='lat' dir='ltr'>anno</span> <span class='ocrx_word' id='word_1_70' title='bbox 1239 1000 1446 1062; x_wconf 71' lang='lat'><em>360-390</em></span> <span class='ocrx_word' id='word_1_71' title='bbox 1472 1005 1511 1045; x_wconf 81' lang='lat' dir='ltr'>in</span> 
     </span>
     <span class='ocr_line' id='line_1_14' title="bbox 150 1072 1224 1131; baseline -0.002 -17"><span class='ocrx_word' id='word_1_72' title='bbox 150 1075 380 1130; x_wconf 79' lang='lat' dir='ltr'>monasterio</span> <span class='ocrx_word' id='word_1_73' title='bbox 405 1073 572 1130; x_wconf 80' lang='lat' dir='ltr'>quodam</span> <span class='ocrx_word' id='word_1_74' title='bbox 598 1072 799 1115; x_wconf 69' lang='lat' dir='ltr'>Bethleem</span> <span class='ocrx_word' id='word_1_75' title='bbox 818 1074 938 1115; x_wconf 80' lang='lat' dir='ltr'>vitam</span> <span class='ocrx_word' id='word_1_76' title='bbox 965 1088 1114 1131; x_wconf 79' lang='lat' dir='ltr'><strong><em>egerat.</em></strong></span> <span class='ocrx_word' id='word_1_77' title='bbox 1155 1081 1224 1121; x_wconf 85' lang='lat'><em>(81)</em></span> 
     </span>
    </p>
   </div>
   <div class='ocr_carea' id='block_1_8' title="bbox 146 1150 1512 1543">
    <p class='ocr_par' dir='ltr' id='par_1_8' title="bbox 146 1150 1511 1380">
     <span class='ocr_line' id='line_1_15' title="bbox 204 1150 1511 1205; baseline 0.003 -18"><span class='ocrx_word' id='word_1_78' title='bbox 204 1168 218 1187; x_wconf 76' lang='lat'>«</span> <span class='ocrx_word' id='word_1_79' title='bbox 245 1150 390 1202; x_wconf 91' lang='lat' dir='ltr'>Poscis,</span> <span class='ocrx_word' id='word_1_80' title='bbox 412 1151 668 1205; x_wconf 86' lang='lat' dir='ltr'>praecipisque</span> <span class='ocrx_word' id='word_1_81' title='bbox 699 1162 741 1190; x_wconf 93' lang='lat' dir='ltr'>ut</span> <span class='ocrx_word' id='word_1_82' title='bbox 762 1150 938 1190; x_wconf 91' lang='lat' dir='ltr'>instituta</span> <span class='ocrx_word' id='word_1_83' title='bbox 959 1150 1305 1201; x_wconf 89' lang='lat' dir='ltr'>monasteriorum,</span> <span class='ocrx_word' id='word_1_84' title='bbox 1333 1165 1421 1204; x_wconf 86' lang='lat' dir='ltr'>quae</span> <span class='ocrx_word' id='word_1_85' title='bbox 1443 1166 1511 1204; x_wconf 92' lang='lat' dir='ltr'>per</span> 
     </span>
     <span class='ocr_line' id='line_1_16' title="bbox 148 1209 1510 1264; baseline 0 -15"><span class='ocrx_word' id='word_1_86' title='bbox 148 1210 340 1264; x_wconf 85' lang='lat' dir='ltr'>AEgyptum</span> <span class='ocrx_word' id='word_1_87' title='bbox 379 1224 423 1249; x_wconf 90' lang='lat' dir='ltr'>ac</span> <span class='ocrx_word' id='word_1_88' title='bbox 460 1210 700 1263; x_wconf 72' lang='lat' dir='ltr'>Palaestinam</span> <span class='ocrx_word' id='word_1_89' title='bbox 740 1209 925 1249; x_wconf 88' lang='lat' dir='ltr'>custodiri</span> <span class='ocrx_word' id='word_1_90' title='bbox 968 1209 1263 1262; x_wconf 85' lang='lat' dir='ltr'>conspeximus,</span> <span class='ocrx_word' id='word_1_91' title='bbox 1297 1210 1351 1249; x_wconf 89' lang='lat' dir='ltr'>ita</span> <span class='ocrx_word' id='word_1_92' title='bbox 1385 1220 1427 1249; x_wconf 92' lang='lat' dir='ltr'>ut</span> <span class='ocrx_word' id='word_1_93' title='bbox 1457 1211 1510 1249; x_wconf 95' lang='lat' dir='ltr'>ibi</span> 
     </span>
     <span class='ocr_line' id='line_1_17' title="bbox 149 1268 1511 1322; baseline 0 -15"><span class='ocrx_word' id='word_1_94' title='bbox 149 1269 264 1308; x_wconf 91' lang='lat' dir='ltr'>nobis</span> <span class='ocrx_word' id='word_1_95' title='bbox 305 1283 327 1308; x_wconf 89' lang='lat' dir='ltr'>a</span> <span class='ocrx_word' id='word_1_96' title='bbox 361 1269 539 1321; x_wconf 87' lang='lat' dir='ltr'>patribus</span> <span class='ocrx_word' id='word_1_97' title='bbox 580 1269 723 1308; x_wconf 89' lang='lat' dir='ltr'>tradita</span> <span class='ocrx_word' id='word_1_98' title='bbox 758 1268 857 1318; x_wconf 92' lang='lat' dir='ltr'>sunt,</span> <span class='ocrx_word' id='word_1_99' title='bbox 895 1269 1078 1322; x_wconf 90' lang='lat' dir='ltr'>quamvis</span> <span class='ocrx_word' id='word_1_100' title='bbox 1113 1269 1300 1321; x_wconf 81' lang='lat' dir='ltr'>imperito</span> <span class='ocrx_word' id='word_1_101' title='bbox 1336 1268 1511 1322; x_wconf 82' lang='lat' dir='ltr'>digeram</span> 
     </span>
     <span class='ocr_line' id='line_1_18' title="bbox 146 1325 1510 1380; baseline 0.001 -14"><span class='ocrx_word' id='word_1_102' title='bbox 146 1325 245 1380; x_wconf 92' lang='lat' dir='ltr'>stylo</span> <span class='ocrx_word' id='word_1_103' title='bbox 259 1356 1510 1367; x_wconf 90' lang='grc'><strong>....................</strong></span> 
     </span>
    </p>

    <p class='ocr_par' dir='ltr' id='par_1_9' title="bbox 148 1385 1512 1543">
     <span class='ocr_line' id='line_1_19' title="bbox 203 1385 1512 1439; baseline 0.002 -16"><span class='ocrx_word' id='word_1_104' title='bbox 203 1403 217 1421; x_wconf 83' lang='lat'>«</span> <span class='ocrx_word' id='word_1_105' title='bbox 240 1385 469 1425; x_wconf 88' lang='lat' dir='ltr'>Secundum</span> <span class='ocrx_word' id='word_1_106' title='bbox 500 1400 587 1425; x_wconf 91' lang='lat' dir='ltr'>eam</span> <span class='ocrx_word' id='word_1_107' title='bbox 616 1400 736 1439; x_wconf 88' lang='lat' dir='ltr'>quarn</span> <span class='ocrx_word' id='word_1_108' title='bbox 763 1386 936 1425; x_wconf 88' lang='lat' dir='ltr'>vidimus</span> <span class='ocrx_word' id='word_1_109' title='bbox 966 1385 1297 1425; x_wconf 89' lang='lat' dir='ltr'>monasteriorum</span> <span class='ocrx_word' id='word_1_110' title='bbox 1321 1385 1512 1439; x_wconf 84' lang='lat' dir='ltr'>regulam,</span> 
     </span>
     <span class='ocr_line' id='line_1_20' title="bbox 149 1443 1511 1499; baseline 0.001 -16"><span class='ocrx_word' id='word_1_111' title='bbox 149 1458 218 1496; x_wconf 91' lang='lat' dir='ltr'>per</span> <span class='ocrx_word' id='word_1_112' title='bbox 249 1445 442 1497; x_wconf 81' lang='lat' dir='ltr'>AEgyptum</span> <span class='ocrx_word' id='word_1_113' title='bbox 472 1444 534 1483; x_wconf 90' lang='lat' dir='ltr'>vel</span> <span class='ocrx_word' id='word_1_114' title='bbox 572 1444 810 1499; x_wconf 50' lang='lat' dir='ltr'>Palaestinam</span> <span class='ocrx_word' id='word_1_115' title='bbox 843 1445 1061 1497; x_wconf 87' lang='lat' dir='ltr'>antiquitus</span> <span class='ocrx_word' id='word_1_116' title='bbox 1096 1445 1370 1495; x_wconf 90' lang='lat' dir='ltr'>fundatorum,</span> <span class='ocrx_word' id='word_1_117' title='bbox 1404 1443 1511 1485; x_wconf 86' lang='lat' dir='ltr'>fideli</span> 
     </span>
     <span class='ocr_line' id='line_1_21' title="bbox 148 1502 958 1543; baseline 0.001 -1"><span class='ocrx_word' id='word_1_118' title='bbox 148 1502 328 1542; x_wconf 87' lang='lat' dir='ltr'>sermone</span> <span class='ocrx_word' id='word_1_119' title='bbox 351 1502 412 1542; x_wconf 88' lang='lat' dir='ltr'>vel</span> <span class='ocrx_word' id='word_1_120' title='bbox 434 1503 618 1542; x_wconf 89' lang='lat' dir='ltr'>adiiciam</span> <span class='ocrx_word' id='word_1_121' title='bbox 640 1503 702 1542; x_wconf 90' lang='lat' dir='ltr'>vel</span> <span class='ocrx_word' id='word_1_122' title='bbox 725 1504 912 1543; x_wconf 89' lang='lat' dir='ltr'>recidam.</span> <span class='ocrx_word' id='word_1_123' title='bbox 944 1520 958 1539; x_wconf 87' lang='lat'>»</span> 
     </span>
    </p>
   </div>
   <div class='ocr_carea' id='block_1_9' title="bbox 146 1574 1513 1671">
    <p class='ocr_par' dir='ltr' id='par_1_10' title="bbox 146 1574 1513 1671">
     <span class='ocr_line' id='line_1_22' title="bbox 240 1574 1513 1620; baseline 0.002 -14"><span class='ocrx_word' id='word_1_124' title='bbox 240 1574 325 1618; x_wconf 76' lang='lat' dir='ltr'>[Iob.</span> <span class='ocrx_word' id='word_1_125' title='bbox 345 1574 524 1616; x_wconf 82' lang='lat' dir='ltr'>Caffianus,</span> <span class='ocrx_word' id='word_1_126' title='bbox 542 1577 592 1609; x_wconf 84' lang='lat' dir='ltr'>De</span> <span class='ocrx_word' id='word_1_127' title='bbox 607 1575 820 1608; x_wconf 82' lang='lat' dir='ltr'>coenobiorum</span> <span class='ocrx_word' id='word_1_128' title='bbox 833 1575 989 1619; x_wconf 83' lang='lat' dir='ltr'>institutis,</span> <span class='ocrx_word' id='word_1_129' title='bbox 1008 1574 1162 1618; x_wconf 82' lang='lat' dir='ltr'>Praefatio</span> <span class='ocrx_word' id='word_1_130' title='bbox 1174 1576 1326 1620; x_wconf 87' lang='lat' dir='ltr'>(Migne,</span> <span class='ocrx_word' id='word_1_131' title='bbox 1343 1577 1430 1609; x_wconf 84' lang='lat' dir='ltr'>Patr.</span> <span class='ocrx_word' id='word_1_132' title='bbox 1443 1576 1513 1618; x_wconf 88' lang='lat' dir='ltr'>lat.,</span> 
     </span>
     <span class='ocr_line' id='line_1_23' title="bbox 146 1628 537 1671; baseline 0 -11"><span class='ocrx_word' id='word_1_133' title='bbox 146 1628 271 1669; x_wconf 86' lang='lat' dir='ltr'>XLIX,</span> <span class='ocrx_word' id='word_1_134' title='bbox 291 1639 318 1660; x_wconf 90' lang='lat' dir='ltr'>c.</span> <span class='ocrx_word' id='word_1_135' title='bbox 342 1640 381 1671; x_wconf 80' lang='lat'>55</span> <span class='ocrx_word' id='word_1_136' title='bbox 401 1629 431 1661; x_wconf 83' lang='lat'>&amp;</span> <span class='ocrx_word' id='word_1_137' title='bbox 453 1629 537 1671; x_wconf 83' lang='lat'><strong>59).]</strong></span> 
     </span>
    </p>
   </div>
   <div class='ocr_carea' id='block_1_10' title="bbox 147 1706 1513 2055">
    <p class='ocr_par' dir='ltr' id='par_1_11' title="bbox 147 1706 1513 2055">
     <span class='ocr_line' id='line_1_24' title="bbox 202 1706 1511 1761; baseline 0.003 -17"><span class='ocrx_word' id='word_1_138' title='bbox 202 1726 216 1744; x_wconf 80' lang='lat'>«</span> <span class='ocrx_word' id='word_1_139' title='bbox 247 1739 377 1747; x_wconf 92' lang='lat'>.....</span> <span class='ocrx_word' id='word_1_140' title='bbox 401 1708 496 1747; x_wconf 88' lang='lat' dir='ltr'>Una</span> <span class='ocrx_word' id='word_1_141' title='bbox 516 1722 608 1747; x_wconf 92' lang='lat' dir='ltr'>cum</span> <span class='ocrx_word' id='word_1_142' title='bbox 631 1707 764 1747; x_wconf 61' lang='lat' dir='ltr'>saneto</span> <span class='ocrx_word' id='word_1_143' title='bbox 786 1707 927 1746; x_wconf 87' lang='lat' dir='ltr'>abbate</span> <span class='ocrx_word' id='word_1_144' title='bbox 950 1706 1176 1758; x_wconf 89' lang='lat' dir='ltr'>Germano,</span> <span class='ocrx_word' id='word_1_145' title='bbox 1196 1722 1290 1747; x_wconf 90' lang='lat' dir='ltr'>cum</span> <span class='ocrx_word' id='word_1_146' title='bbox 1311 1722 1391 1761; x_wconf 94' lang='lat' dir='ltr'>quo</span> <span class='ocrx_word' id='word_1_147' title='bbox 1414 1709 1511 1748; x_wconf 88' lang='lat' dir='ltr'>mihi</span> 
     </span>
     <span class='ocr_line' id='line_1_25' title="bbox 151 1765 1513 1820; baseline 0 -14"><span class='ocrx_word' id='word_1_148' title='bbox 151 1767 199 1806; x_wconf 88' lang='lat' dir='ltr'>ab</span> <span class='ocrx_word' id='word_1_149' title='bbox 223 1766 305 1819; x_wconf 91' lang='lat' dir='ltr'>ipso</span> <span class='ocrx_word' id='word_1_150' title='bbox 329 1766 531 1819; x_wconf 87' lang='lat' dir='ltr'>tyrocinio</span> <span class='ocrx_word' id='word_1_151' title='bbox 565 1780 611 1805; x_wconf 88' lang='lat' dir='ltr'>ac</span> <span class='ocrx_word' id='word_1_152' title='bbox 633 1766 871 1806; x_wconf 84' lang='lat' dir='ltr'>rudimentis</span> <span class='ocrx_word' id='word_1_153' title='bbox 900 1765 1053 1805; x_wconf 85' lang='lat' dir='ltr'>militiae</span> <span class='ocrx_word' id='word_1_154' title='bbox 1083 1765 1263 1820; x_wconf 88' lang='lat' dir='ltr'>spiritalis</span> <span class='ocrx_word' id='word_1_155' title='bbox 1294 1767 1348 1807; x_wconf 89' lang='lat' dir='ltr'>ita</span> <span class='ocrx_word' id='word_1_156' title='bbox 1367 1768 1513 1806; x_wconf 90' lang='lat' dir='ltr'>indivi-</span> 
     </span>
     <span class='ocr_line' id='line_1_26' title="bbox 149 1825 1510 1879; baseline 0 -14"><span class='ocrx_word' id='word_1_157' title='bbox 149 1826 273 1865; x_wconf 91' lang='lat' dir='ltr'>duum</span> <span class='ocrx_word' id='word_1_158' title='bbox 308 1826 498 1878; x_wconf 85' lang='lat' dir='ltr'>deinceps</span> <span class='ocrx_word' id='word_1_159' title='bbox 537 1825 848 1864; x_wconf 89' lang='lat' dir='ltr'>contubernium</span> <span class='ocrx_word' id='word_1_160' title='bbox 887 1835 967 1864; x_wconf 90' lang='lat' dir='ltr'>tarn</span> <span class='ocrx_word' id='word_1_161' title='bbox 1001 1825 1041 1863; x_wconf 91' lang='lat' dir='ltr'>in</span> <span class='ocrx_word' id='word_1_162' title='bbox 1076 1826 1281 1876; x_wconf 89' lang='lat' dir='ltr'>coenobio,</span> <span class='ocrx_word' id='word_1_163' title='bbox 1315 1839 1436 1879; x_wconf 90' lang='lat' dir='ltr'>quam</span> <span class='ocrx_word' id='word_1_164' title='bbox 1471 1827 1510 1866; x_wconf 91' lang='lat' dir='ltr'>in</span> 
     </span>
     <span class='ocr_line' id='line_1_27' title="bbox 149 1883 1511 1938; baseline 0 -14"><span class='ocrx_word' id='word_1_165' title='bbox 149 1899 286 1924; x_wconf 89' lang='lat' dir='ltr'>eremo</span> <span class='ocrx_word' id='word_1_166' title='bbox 309 1885 396 1934; x_wconf 90' lang='lat' dir='ltr'>fuit,</span> <span class='ocrx_word' id='word_1_167' title='bbox 417 1896 459 1923; x_wconf 90' lang='lat' dir='ltr'>ut</span> <span class='ocrx_word' id='word_1_168' title='bbox 475 1883 608 1923; x_wconf 54' lang='lat' dir='ltr'>cunni</span> <span class='ocrx_word' id='word_1_169' title='bbox 631 1884 678 1923; x_wconf 89' lang='lat' dir='ltr'>ad</span> <span class='ocrx_word' id='word_1_170' title='bbox 700 1883 996 1937; x_wconf 74' lang='lat' dir='ltr'>significandam</span> <span class='ocrx_word' id='word_1_171' title='bbox 1018 1883 1233 1925; x_wconf 87' lang='lat' dir='ltr'>sodalitatis</span> <span class='ocrx_word' id='word_1_172' title='bbox 1253 1899 1299 1925; x_wconf 89' lang='lat' dir='ltr'>ac</span> <span class='ocrx_word' id='word_1_173' title='bbox 1320 1883 1511 1938; x_wconf 87' lang='lat' dir='ltr'>propofiti</span> 
     </span>
     <span class='ocr_line' id='line_1_28' title="bbox 147 1942 1513 1998; baseline 0.001 -15"><span class='ocrx_word' id='word_1_174' title='bbox 147 1943 269 1984; x_wconf 89' lang='lat' dir='ltr'>nostri</span> <span class='ocrx_word' id='word_1_175' title='bbox 304 1942 542 1996; x_wconf 87' lang='lat' dir='ltr'>parilitatem</span> <span class='ocrx_word' id='word_1_176' title='bbox 573 1944 892 1996; x_wconf 88' lang='lat' dir='ltr'>pronuntiarent,</span> <span class='ocrx_word' id='word_1_177' title='bbox 925 1957 1046 1983; x_wconf 90' lang='lat' dir='ltr'>unam</span> <span class='ocrx_word' id='word_1_178' title='bbox 1075 1954 1253 1984; x_wconf 90' lang='lat' dir='ltr'>mentem</span> <span class='ocrx_word' id='word_1_179' title='bbox 1284 1955 1403 1998; x_wconf 91' lang='lat' dir='ltr'>atque</span> <span class='ocrx_word' id='word_1_180' title='bbox 1427 1946 1513 1984; x_wconf 87' lang='lat' dir='ltr'>ani-</span> 
     </span>
     <span class='ocr_line' id='line_1_29' title="bbox 147 2000 1508 2055; baseline -0.001 -14"><span class='ocrx_word' id='word_1_181' title='bbox 147 2016 256 2041; x_wconf 90' lang='lat' dir='ltr'>mam</span> <span class='ocrx_word' id='word_1_182' title='bbox 277 2001 434 2042; x_wconf 92' lang='lat' dir='ltr'>duobus</span> <span class='ocrx_word' id='word_1_183' title='bbox 455 2000 573 2041; x_wconf 87' lang='lat' dir='ltr'>ineffe</span> <span class='ocrx_word' id='word_1_184' title='bbox 594 2002 829 2055; x_wconf 87' lang='lat' dir='ltr'>corporibus</span> <span class='ocrx_word' id='word_1_185' title='bbox 899 2033 1432 2043; x_wconf 92' lang='grc'><strong>.........</strong></span> <span class='ocrx_word' id='word_1_186' title='bbox 1494 2021 1508 2040; x_wconf 88' lang='lat'>»</span> 
     </span>
    </p>
   </div>
   <div class='ocr_carea' id='block_1_11' title="bbox 147 2084 1512 2183">
    <p class='ocr_par' dir='ltr' id='par_1_12' title="bbox 147 2084 1512 2183">
     <span class='ocr_line' id='line_1_30' title="bbox 243 2084 1512 2130; baseline 0.001 -12"><span class='ocrx_word' id='word_1_187' title='bbox 243 2084 332 2129; x_wconf 86' lang='lat' dir='ltr'>[Ioh.</span> <span class='ocrx_word' id='word_1_188' title='bbox 342 2085 522 2128; x_wconf 83' lang='lat' dir='ltr'>Caffianus,</span> <span class='ocrx_word' id='word_1_189' title='bbox 541 2085 738 2127; x_wconf 85' lang='lat' dir='ltr'>Collationes‚</span> <span class='ocrx_word' id='word_1_190' title='bbox 751 2086 778 2127; x_wconf 90' lang='grc' dir='ltr'>Ι,</span> <span class='ocrx_word' id='word_1_191' title='bbox 790 2096 820 2118; x_wconf 90' lang='lat' dir='ltr'>c.</span> <span class='ocrx_word' id='word_1_192' title='bbox 841 2098 852 2117; x_wconf 92' lang='lat'>1</span> <span class='ocrx_word' id='word_1_193' title='bbox 873 2085 1025 2129; x_wconf 86' lang='lat' dir='ltr'>(Migne,</span> <span class='ocrx_word' id='word_1_194' title='bbox 1035 2086 1125 2118; x_wconf 86' lang='lat' dir='ltr'>Patr.</span> <span class='ocrx_word' id='word_1_195' title='bbox 1139 2084 1212 2126; x_wconf 61' lang='lat' dir='ltr'>lat„</span> <span class='ocrx_word' id='word_1_196' title='bbox 1225 2087 1353 2127; x_wconf 91' lang='lat' dir='ltr'><strong>XLIX,</strong></span> <span class='ocrx_word' id='word_1_197' title='bbox 1365 2097 1392 2119; x_wconf 91' lang='lat' dir='ltr'>c.</span> <span class='ocrx_word' id='word_1_198' title='bbox 1407 2089 1512 2130; x_wconf 72' lang='lat'>483),</span> 
     </span>
     <span class='ocr_line' id='line_1_31' title="bbox 147 2137 1340 2183; baseline 0.001 -13"><span class='ocrx_word' id='word_1_199' title='bbox 147 2137 192 2171; x_wconf 92' lang='lat' dir='ltr'>cf.</span> <span class='ocrx_word' id='word_1_200' title='bbox 213 2137 412 2180; x_wconf 77' lang='lat' dir='ltr'>Collationer,</span> <span class='ocrx_word' id='word_1_201' title='bbox 429 2140 556 2179; x_wconf 86' lang='lat' dir='ltr'>XXIV,</span> <span class='ocrx_word' id='word_1_202' title='bbox 575 2150 602 2172; x_wconf 93' lang='lat' dir='ltr'>c.</span> <span class='ocrx_word' id='word_1_203' title='bbox 628 2151 638 2170; x_wconf 87' lang='lat'>1</span> <span class='ocrx_word' id='word_1_204' title='bbox 662 2138 813 2183; x_wconf 86' lang='lat' dir='ltr'>(Migne,</span> <span class='ocrx_word' id='word_1_205' title='bbox 831 2139 919 2171; x_wconf 84' lang='lat' dir='ltr'>Patr.</span> <span class='ocrx_word' id='word_1_206' title='bbox 934 2138 1008 2180; x_wconf 86' lang='lat' dir='ltr'>lat.,</span> <span class='ocrx_word' id='word_1_207' title='bbox 1025 2139 1151 2179; x_wconf 89' lang='lat' dir='ltr'>XLIX,</span> <span class='ocrx_word' id='word_1_208' title='bbox 1168 2149 1195 2171; x_wconf 90' lang='lat' dir='ltr'>c.</span> <span class='ocrx_word' id='word_1_209' title='bbox 1214 2138 1340 2183; x_wconf 86' lang='lat'>1282).]</span> 
     </span>
    </p>
   </div>
   <div class='ocr_carea' id='block_1_12' title="bbox 148 2224 1514 2626">
    <p class='ocr_par' dir='ltr' id='par_1_13' title="bbox 148 2224 1514 2511">
     <span class='ocr_line' id='line_1_32' title="bbox 203 2224 1511 2277; baseline 0.002 -16"><span class='ocrx_word' id='word_1_210' title='bbox 203 2241 218 2260; x_wconf 66' lang='grc' dir='ltr'>«ι</span> <span class='ocrx_word' id='word_1_211' title='bbox 243 2224 353 2264; x_wconf 85' lang='lat' dir='ltr'>Nam</span> <span class='ocrx_word' id='word_1_212' title='bbox 386 2225 507 2265; x_wconf 88' lang='lat' dir='ltr'>etiam</span> <span class='ocrx_word' id='word_1_213' title='bbox 542 2224 567 2263; x_wconf 86' lang='lat' dir='ltr'>fi</span> <span class='ocrx_word' id='word_1_214' title='bbox 602 2224 800 2265; x_wconf 90' lang='lat' dir='ltr'>revelatus</span> <span class='ocrx_word' id='word_1_215' title='bbox 830 2224 900 2264; x_wconf 93' lang='lat' dir='ltr'>tibi</span> <span class='ocrx_word' id='word_1_216' title='bbox 935 2235 1051 2277; x_wconf 91' lang='lat' dir='ltr'>tepor</span> <span class='ocrx_word' id='word_1_217' title='bbox 1079 2224 1211 2264; x_wconf 90' lang='lat' dir='ltr'>noster</span> <span class='ocrx_word' id='word_1_218' title='bbox 1239 2224 1452 2277; x_wconf 88' lang='lat' dir='ltr'>impetrare</span> <span class='ocrx_word' id='word_1_219' title='bbox 1473 2225 1511 2264; x_wconf 92' lang='lat' dir='ltr'>id</span> 
     </span>
     <span class='ocr_line' id='line_1_33' title="bbox 148 2283 1511 2337; baseline 0 -15"><span class='ocrx_word' id='word_1_220' title='bbox 148 2285 257 2337; x_wconf 91' lang='lat' dir='ltr'>quod</span> <span class='ocrx_word' id='word_1_221' title='bbox 289 2284 516 2337; x_wconf 87' lang='lat' dir='ltr'>expetimus</span> <span class='ocrx_word' id='word_1_222' title='bbox 546 2298 627 2323; x_wconf 90' lang='lat' dir='ltr'>non</span> <span class='ocrx_word' id='word_1_223' title='bbox 659 2295 848 2335; x_wconf 84' lang='lat' dir='ltr'>meretur,</span> <span class='ocrx_word' id='word_1_224' title='bbox 882 2284 1002 2323; x_wconf 88' lang='lat' dir='ltr'>debet</span> <span class='ocrx_word' id='word_1_225' title='bbox 1027 2284 1104 2324; x_wconf 91' lang='lat' dir='ltr'>hoc</span> <span class='ocrx_word' id='word_1_226' title='bbox 1126 2284 1262 2324; x_wconf 89' lang='lat' dir='ltr'>saltem</span> <span class='ocrx_word' id='word_1_227' title='bbox 1283 2283 1395 2323; x_wconf 87' lang='lat' dir='ltr'>labor</span> <span class='ocrx_word' id='word_1_228' title='bbox 1414 2283 1511 2323; x_wconf 88' lang='lat' dir='ltr'>tanti</span> 
     </span>
     <span class='ocr_line' id='line_1_34' title="bbox 149 2341 1514 2395; baseline 0.001 -15"><span class='ocrx_word' id='word_1_229' title='bbox 149 2341 302 2382; x_wconf 90' lang='lat' dir='ltr'>itineris</span> <span class='ocrx_word' id='word_1_230' title='bbox 338 2342 533 2392; x_wconf 90' lang='lat' dir='ltr'>obtinere,</span> <span class='ocrx_word' id='word_1_231' title='bbox 570 2341 679 2395; x_wconf 85' lang='lat' dir='ltr'>quod</span> <span class='ocrx_word' id='word_1_232' title='bbox 718 2342 796 2382; x_wconf 91' lang='lat' dir='ltr'>huc</span> <span class='ocrx_word' id='word_1_233' title='bbox 826 2342 874 2382; x_wconf 92' lang='lat' dir='ltr'>de</span> <span class='ocrx_word' id='word_1_234' title='bbox 908 2341 1166 2383; x_wconf 84' lang='lat' dir='ltr'>Bethleemitici</span> <span class='ocrx_word' id='word_1_235' title='bbox 1191 2342 1366 2395; x_wconf 90' lang='lat' dir='ltr'>coenobij</span> <span class='ocrx_word' id='word_1_236' title='bbox 1403 2342 1514 2381; x_wconf 89' lang='lat' dir='ltr'>rudi·</span> 
     </span>
     <span class='ocr_line' id='line_1_35' title="bbox 149 2399 1514 2455; baseline 0.001 -16"><span class='ocrx_word' id='word_1_237' title='bbox 149 2401 308 2451; x_wconf 90' lang='lat' dir='ltr'>mentis,</span> <span class='ocrx_word' id='word_1_238' title='bbox 325 2400 584 2440; x_wconf 88' lang='lat' dir='ltr'>institutionis</span> <span class='ocrx_word' id='word_1_239' title='bbox 600 2400 737 2441; x_wconf 88' lang='lat' dir='ltr'>vestrae</span> <span class='ocrx_word' id='word_1_240' title='bbox 753 2399 946 2440; x_wconf 85' lang='lat' dir='ltr'>defiderio</span> <span class='ocrx_word' id='word_1_241' title='bbox 959 2400 998 2441; x_wconf 88' lang='lat'>&amp;</span> <span class='ocrx_word' id='word_1_242' title='bbox 1010 2401 1211 2455; x_wconf 66' lang='lat' dir='ltr'>profe&amp;us</span> <span class='ocrx_word' id='word_1_243' title='bbox 1226 2401 1348 2441; x_wconf 91' lang='lat' dir='ltr'>nostri</span> <span class='ocrx_word' id='word_1_244' title='bbox 1363 2415 1514 2451; x_wconf 89' lang='lat' dir='ltr'>amore,</span> 
     </span>
     <span class='ocr_line' id='line_1_36' title="bbox 150 2471 503 2511; baseline 0.003 -14"><span class='ocrx_word' id='word_1_245' title='bbox 150 2471 463 2511; x_wconf 77' lang='lat' dir='ltr'>properavlmus.</span> <span class='ocrx_word' id='word_1_246' title='bbox 488 2475 503 2494; x_wconf 88' lang='lat'>»</span> 
     </span>
    </p>

    <p class='ocr_par' dir='ltr' id='par_1_14' title="bbox 149 2529 1510 2626">
     <span class='ocr_line' id='line_1_37' title="bbox 244 2529 1510 2576; baseline 0.002 -14"><span class='ocrx_word' id='word_1_247' title='bbox 244 2530 326 2572; x_wconf 87' lang='lat' dir='ltr'>[Ioh.</span> <span class='ocrx_word' id='word_1_248' title='bbox 346 2529 528 2571; x_wconf 85' lang='lat' dir='ltr'>Caffianus,</span> <span class='ocrx_word' id='word_1_249' title='bbox 560 2529 756 2572; x_wconf 81' lang='lat' dir='ltr'>Collationes‚</span> <span class='ocrx_word' id='word_1_250' title='bbox 785 2531 846 2572; x_wconf 93' lang='lat' dir='ltr'>XI,</span> <span class='ocrx_word' id='word_1_251' title='bbox 871 2542 898 2564; x_wconf 94' lang='lat' dir='ltr'>c.</span> <span class='ocrx_word' id='word_1_252' title='bbox 925 2544 942 2575; x_wconf 85' lang='lat'>5</span> <span class='ocrx_word' id='word_1_253' title='bbox 975 2530 1129 2576; x_wconf 90' lang='lat' dir='ltr'>(Migne,</span> <span class='ocrx_word' id='word_1_254' title='bbox 1161 2533 1251 2565; x_wconf 88' lang='lat' dir='ltr'>Patr.</span> <span class='ocrx_word' id='word_1_255' title='bbox 1283 2530 1352 2573; x_wconf 69' lang='lat' dir='ltr'>lat„</span> <span class='ocrx_word' id='word_1_256' title='bbox 1383 2532 1510 2572; x_wconf 86' lang='lat' dir='ltr'>XLIX,</span> 
     </span>
     <span class='ocr_line' id='line_1_38' title="bbox 149 2583 306 2626; baseline 0.006 -11"><span class='ocrx_word' id='word_1_257' title='bbox 149 2593 176 2616; x_wconf 92' lang='lat' dir='ltr'>c.</span> <span class='ocrx_word' id='word_1_258' title='bbox 197 2583 306 2626; x_wconf 83' lang='lat'>851).]</span> 
     </span>
    </p>
   </div>
   <div class='ocr_carea' id='block_1_13' title="bbox 150 2656 1513 2769">
    <p class='ocr_par' dir='ltr' id='par_1_15' title="bbox 150 2656 1513 2769">
     <span class='ocr_line' id='line_1_39' title="bbox 206 2656 1513 2712; baseline 0.004 -18"><span class='ocrx_word' id='word_1_259' title='bbox 206 2673 220 2692; x_wconf 86' lang='lat'>«</span> <span class='ocrx_word' id='word_1_260' title='bbox 246 2656 465 2695; x_wconf 89' lang='lat' dir='ltr'>Sciendum</span> <span class='ocrx_word' id='word_1_261' title='bbox 487 2656 542 2696; x_wconf 91' lang='lat' dir='ltr'>est</span> <span class='ocrx_word' id='word_1_262' title='bbox 559 2667 692 2696; x_wconf 88' lang='lat' dir='ltr'>tamen</span> <span class='ocrx_word' id='word_1_263' title='bbox 714 2657 816 2697; x_wconf 90' lang='lat' dir='ltr'>hanc</span> <span class='ocrx_word' id='word_1_264' title='bbox 842 2658 1093 2709; x_wconf 91' lang='lat' dir='ltr'>matutinam,</span> <span class='ocrx_word' id='word_1_265' title='bbox 1115 2673 1204 2712; x_wconf 86' lang='lat' dir='ltr'>quae</span> <span class='ocrx_word' id='word_1_266' title='bbox 1218 2673 1326 2699; x_wconf 91' lang='lat' dir='ltr'>nunc</span> <span class='ocrx_word' id='word_1_267' title='bbox 1348 2659 1387 2698; x_wconf 91' lang='lat' dir='ltr'>in</span> <span class='ocrx_word' id='word_1_268' title='bbox 1404 2660 1513 2699; x_wconf 91' lang='lat' dir='ltr'>occi—</span> 
     </span>
     <span class='ocr_line' id='line_1_40' title="bbox 150 2716 1512 2769; baseline 0.001 -14"><span class='ocrx_word' id='word_1_269' title='bbox 150 2716 238 2756; x_wconf 89' lang='lat' dir='ltr'>duis</span> <span class='ocrx_word' id='word_1_270' title='bbox 268 2716 331 2755; x_wconf 76' lang='lat' dir='ltr'>vei</span> <span class='ocrx_word' id='word_1_271' title='bbox 361 2716 535 2755; x_wconf 88' lang='lat' dir='ltr'>maxime</span> <span class='ocrx_word' id='word_1_272' title='bbox 566 2716 810 2769; x_wconf 83' lang='lat' dir='ltr'>regionibus,</span> <span class='ocrx_word' id='word_1_273' title='bbox 839 2717 1077 2757; x_wconf 91' lang='lat' dir='ltr'>canonicam</span> <span class='ocrx_word' id='word_1_274' title='bbox 1106 2717 1357 2758; x_wconf 70' lang='lat' dir='ltr'>funetionem</span> <span class='ocrx_word' id='word_1_275' title='bbox 1377 2717 1512 2758; x_wconf 89' lang='lat' dir='ltr'>nostro</span> 
     </span>
    </p>
   </div>
  </div>
 </body>
</html>
