2131 3552
573 215 588 244 1
602 211 657 243 22
1177 194 1317 256 (409)

566 366 699 396 tamen
733 355 781 394 de
812 351 985 406 peccatis
1014 349 1157 390 nostris
1187 359 1317 389 metus
1347 347 1415 398 est,
1447 361 1498 387 ne
1519 343 1670 387 etiamfi
1700 355 1780 385 tam
1809 343 1927 384 nobis

564 416 710 465 vicina,
729 412 810 453 filia
830 409 1048 464 Babylonis
1070 408 1232 462 [Roma]
1256 417 1418 447 avertat.
1435 423 1450 443 »

661 502 701 544 [S.
721 501 845 535 Paulus
864 498 1025 540 Nolanus,
1037 495 1172 540 Epzstola
1192 495 1328 536 XLVII,
1347 495 1395 527 ad
1414 492 1561 536 Rufinum
1580 489 1732 534 (Migne,
1750 491 1840 522 Patr.
1859 487 1929 528 lat„

565 554 655 596 LXI,
675 565 705 587 c.
728 554 832 596 398).]

565 665 595 687 c.
616 666 696 696 409.
725 654 756 686 S.
779 653 969 685 PAvLmus
987 652 1163 685 NOLANUS
1182 657 1521 683 PEREGRINATIONES
1540 655 1704 680 LAUDAT.

804 731 816 747 «
838 719 915 751 Non
935 716 1020 749 enim
1039 715 1120 749 alter
1151 715 1288 748 affefilus
1305 713 1454 746 homines
1486 713 1528 745 ad
1555 712 1803 757 Hierosolymam
1832 711 1929 756 rapit,

752 770 806 803 nisi
822 778 857 803 ut
872 770 957 811 loca,
975 769 1006 802 in
1026 769 1145 813 quibus
1160 767 1373 812 corporaliter
1387 766 1525 810 praesens
1543 765 1603 798 fuit
1618 765 1776 806 Christus,
1796 765 1930 799 videant

752 831 854 868 atque
882 823 1077 866 contingant
1096 821 1280 866 possintque
1299 821 1338 853 de
1357 819 1414 852 suo
1431 819 1538 852 fruelu
1564 819 1710 852 edicere:
1744 832 1756 848 a
1781 818 1931 853 Introivi-

757 890 768 906 (ι
793 888 865 909 mus
889 876 919 908 in
944 874 1157 908 tabernacula
1183 874 1265 914 eius,
1290 874 1320 906 &
1342 871 1556 905 adoravimus
1575 872 1632 904 ubi
1658 872 1812 905 steterunt
1831 872 1930 916 pedes

757 943 768 960 α
792 930 859 963 eius
878 930 1017 975 (Psalm.
1042 939 1165 969 cxxxJ,
1180 927 1217 971 7)
1236 941 1263 960 ν).
1282 928 1495 970 Quamquam
1511 926 1541 958 &
1559 925 1655 958 altior
1674 927 1703 959 δε
1722 925 1774 959 hic
1787 925 1931 959 intellec-

753 990 804 1015 tus
822 983 996 1024 habeatur,
1013 990 1124 1015 tamen
1138 983 1168 1014 δι
1183 980 1316 1025 fimplici
1335 980 1423 1013 sensu
1439 979 1593 1021 litteram,
1611 990 1686 1012 cum
1706 991 1755 1012 res
1773 979 1928 1024 postulat,

753 1047 818 1068 non
837 1036 1043 1068 abutendum
1059 1035 1113 1067 est.
1134 1034 1165 1067 Si
1182 1045 1262 1078 ergo
1276 1032 1426 1076 religiosa
1444 1031 1604 1076 cupiditas
1624 1032 1667 1064 est
1685 1032 1757 1065 loca
1771 1032 1880 1066 videre
1897 1032 1930 1065 in

753 1088 873 1132 quibus
907 1088 1052 1122 Christus
1075 1086 1232 1132 ingressus
1261 1088 1292 1119 &
1321 1084 1427 1129 passus
1446 1085 1501 1126 est,
1532 1085 1561 1116 Sc
1592 1084 1762 1117 resurrexit
1787 1086 1817 1118 δι
1844 1085 1931 1118 unde

754 1141 955 1182 conscendit,
977 1142 1007 1174 δι
1033 1148 1089 1173 aut
1113 1141 1155 1173 de
1169 1139 1240 1184 ipsis
1260 1138 1340 1172 locis
1355 1137 1511 1182 exiguum
1526 1136 1709 1181 pulverem,
1727 1146 1784 1170 aut
1803 1138 1845 1171 de
1862 1138 1931 1182 ipso

753 1195 856 1228 crucis
870 1195 963 1239 ligno
977 1193 1098 1238 aliquid
1113 1193 1226 1226 saltem
1244 1192 1376 1226 festucae
1395 1190 1493 1224 simile
1507 1191 1631 1223 sumere
1648 1191 1679 1223 δι
1693 1191 1814 1224 habere
1831 1192 1932 1225 bene-

752 1248 851 1281 difflo
870 1247 925 1289 est,
953 1247 1121 1280 confidera
1139 1253 1264 1290 quanto
1297 1244 1402 1277 maior
1420 1244 1450 1277 δι
1476 1242 1599 1288 plenior
1616 1243 1723 1288 gratia
1743 1243 1791 1284 fit,
1819 1244 1931 1277 vivum

753 1303 860 1335 senem
876 1302 926 1344 [id
936 1302 978 1345 est
991 1300 1144 1345 Valgium
1163 1298 1214 1332 cui
1231 1298 1318 1341 Iesus
1336 1297 1478 1341 Christus
1495 1301 1658 1340 apparere
1679 1296 1833 1340 dtgnatus
1846 1298 1931 1339 erat]

754 1355 803 1388 vel
835 1354 1020 1387 testimonia
1048 1353 1168 1387 divinae
1199 1351 1344 1385 veritatis
1375 1349 1542 1394 inspicere!
1577 1348 1607 1382 Si
1635 1350 1778 1394 praesepe
1804 1348 1884 1391 nati,
1911 1349 1930 1383 fi

754 1408 872 1441 fluvius
891 1406 1060 1452 baptizati,
1075 1406 1096 1439 fi
1115 1406 1232 1439 hortus
1246 1404 1368 1438 orantis
1388 1401 1543 1446 magistri,
1562 1401 1582 1434 sl
1602 1402 1719 1435 atrium
1739 1402 1886 1443 iudicati,
1911 1402 1933 1436 fi

753 1460 907 1493 columna
925 1459 1071 1500 distriffi,
1090 1458 1110 1491 si
1130 1457 1219 1501 spina
1237 1455 1400 1496 coronati,
1429 1455 1448 1487 sx
1467 1455 1594 1498 lignum
1613 1455 1762 1500 suspenfi,
1781 1455 1801 1488 fi
1820 1456 1932 1489 saxum

755 1512 880 1557 sepulti,
899 1513 919 1545 fi
933 1512 1025 1544 locus
1045 1510 1223 1544 resuscitati
1247 1508 1427 1552 eveffique,
1445 1507 1605 1540 memoria
1623 1507 1744 1542 divinae
1762 1508 1932 1552 quondam

754 1564 947 1609 praesentiae,
965 1564 1161 1603 celebratur,
1189 1564 1219 1596 δι
1238 1570 1381 1595 veterem
1400 1560 1571 1593 veritatem
1591 1560 1741 1604 praesenti
1758 1560 1823 1593 fide
1841 1572 1934 1594 com-

753 1619 896 1663 probant
924 1617 955 1651 in
987 1619 1082 1651 rebus
1113 1615 1270 1650 exanimis
1303 1615 1377 1648 viva
1409 1614 1624 1656 documenta,
1653 1626 1752 1658 quarn
1785 1613 1934 1658 religiose

753 1671 958 1715 aspiciendus
987 1671 1030 1703 est
1059 1669 1123 1710 hic,
1152 1681 1250 1713 quem
1275 1667 1396 1711 alloqui
1415 1666 1478 1700 Dei
1505 1667 1609 1699 sermo
1629 1665 1785 1710 dignatus
1805 1666 1861 1708 est,
1880 1665 1933 1699 cui

754 1724 784 1757 se
809 1723 908 1757 facies
938 1724 1048 1757 divina
1084 1735 1148 1756 non
1179 1722 1272 1763 texit,
1302 1721 1352 1754 cui
1382 1731 1472 1753 nunc
1502 1727 1681 1765 martyrem
1713 1719 1817 1761 suum,
1846 1729 1934 1752 nunc

754 1777 961 1822 semetipsum
981 1776 1125 1812 Christus
1154 1775 1309 1818 ostendit,
1340 1775 1371 1807 in
1398 1774 1489 1807 cuius
1507 1773 1635 1806 vivente
1661 1781 1747 1806 terra
1767 1772 1934 1806 Dominici

755 1830 901 1874 corporis
929 1830 1078 1863 videmus
1108 1827 1259 1872 impreffa
1290 1826 1435 1870 vestigia,
1459 1825 1479 1858 fi
1511 1824 1663 1858 fidelibus
1694 1824 1798 1858 oculis
1817 1825 1847 1858 &
1865 1824 1935 1858 acie

756 1883 900 1928 spiritali,
924 1883 1015 1928 quod
1040 1883 1070 1915 in
1092 1894 1130 1915 eo
1149 1881 1232 1914 finus
1253 1879 1383 1921 Christi,
1409 1879 1500 1923 quod
1519 1890 1637 1910 manus
1657 1877 1809 1922 contigit,
1830 1878 1935 1922 perle-

755 1948 887 1980 gamus,
915 1937 946 1969 &
965 1936 1130 1977 canitiem,
1154 1946 1229 1979 quae
1251 1934 1335 1978 saepe
1353 1933 1446 1977 super
1464 1931 1601 1965 Domini
1619 1943 1707 1976 genu
1725 1930 1835 1973 iacuit,
1853 1931 1936 1976 saepe

755 1987 893 2022 Domini
913 1988 980 2021 s1nu
1001 1988 1118 2032 tepuit,
1141 1987 1250 2019 nostra
1270 1998 1370 2018 manu
1391 1985 1475 2029 saepe
1495 1984 1687 2025 mulcentes,
1706 1984 1735 2016 δι
1751 1981 1934 2016 auriculam

755 2041 840 2086 saepe
849 2042 1139 2086 palpantes,quam
1152 2039 1297 2073 coelestes
1308 2038 1416 2083 digiti,
1424 2038 1575 2071 Domino
1584 2037 1716 2070 iocante
1726 2042 1903 2070 traxerunt.
1917 2048 1930 2066 η

803 2109 847 2149 [8.
864 2106 1022 2140 Paulinus
1036 2105 1198 2146 Nolanus,
1218 2104 1353 2148 Epistola
1370 2104 1497 2144 XLIX,
1516 2103 1564 2135 ad
1575 2101 1766 2135 Macarium
1781 2100 1933 2146 (Migne‚

757 2161 847 2193 Patr.
866 2160 940 2203 lat.,
958 2160 1049 2201 LXI,
1067 2170 1094 2193 c.
1112 2158 1222 2200 407).]

267 2274 361 2322 401)
377 2258 547 2321 vel410
569 2262 606 2307 S.
633 2262 834 2317 AVITUS,
858 2264 1064 2323 presbyter
1089 2262 1356 2320 Bracarenfis.
1395 2264 1497 2309 (148)

625 2368 642 2392 «
666 2354 829 2393 Veritus
859 2353 968 2393 enim
999 2352 1096 2402 sum,
1124 2365 1174 2390 ne
1205 2349 1243 2390 &
1270 2348 1401 2388 saneta
1433 2348 1524 2387 loca
1552 2347 1784 2400 relinquens
1818 2345 1856 2385 &
1885 2344 1932 2383 ad

569 2426 642 2452 vos
664 2413 766 2452 forte
787 2426 869 2451 non
893 2411 1142 2465 perveniens,
1176 2409 1422 2461 ubicumque
1444 2407 1703 2459 interceptus,
1724 2405 1934 2445 irrationa-

569 2470 661 2511 bilis
682 2471 859 2511 audaciae
881 2484 1022 2523 poenas
1044 2468 1210 2508 luerem.
1236 2483 1251 2503 »

644 2549 692 2594 [S.
712 2548 856 2590 Avitus,
874 2548 1010 2593 Epistola
1024 2549 1072 2581 ad
1085 2546 1288 2581 Palchonium
1307 2544 1457 2589 (Migne,
1472 2545 1563 2577 Patr.
1580 2543 1653 2584 lat.‚
1671 2543 1762 2584 XLI,
1777 2553 1804 2575 c.
1821 2540 1933 2585 805).]

624 2657 640 2678 «
663 2640 790 2680 Tunc
823 2641 903 2679 duo
935 2639 1043 2679 cives
1064 2638 1157 2688 mei,
1190 2637 1337 2677 Avitus
1361 2635 1399 2676 &
1421 2635 1520 2675 alius
1542 2634 1702 2683 Avitus,
1731 2646 1824 2673 cum
1855 2632 1933 2671 iam

569 2711 649 2740 tarn
671 2710 831 2751 turpem
847 2696 1125 2738 confufionem
1143 2696 1180 2737 &
1198 2709 1267 2749 per
1287 2695 1323 2735 se
1344 2694 1466 2747 ipsam
1488 2693 1629 2734 veritas
1651 2692 1730 2732 sola
1749 2692 1935 2740 nudaret,
