2131 3552
599 219 684 281 198
1210 219 1348 281 (518)

594 385 610 405 «
636 369 804 422 patriam
825 367 1081 407 revertamini
1102 369 1143 407 in
1166 381 1285 420 pace:
1309 368 1348 408 &
1368 383 1443 423 ego
1465 368 1553 422 post
1571 383 1643 409 vos
1664 369 1732 409 illa
1759 368 1958 411 transmit-

594 445 609 464 «
635 438 728 467 tarn.
749 443 764 463 ›>
794 426 899 467 Patri
917 440 1011 479 ergo
1028 426 1272 478 valedicunt,
1289 429 1459 481 patriam
1475 430 1709 480 adveniunt,
1722 428 1760 469 &
1777 428 1894 469 allata
1910 428 1959 468 ab

591 485 733 538 angelo
756 484 838 525 Dei
859 499 1026 524 munera
1046 486 1262 538 accipiunt.
1287 502 1303 523 »

685 569 920 613 [AnonymuS,
952 568 1029 601 Vita
1049 569 1081 611 fi
1108 568 1263 604 Davidis
1288 571 1496 615 (Capgrave,
1526 571 1632 604 Nova
1659 569 1797 614 legenda
1821 569 1960 613 Angliae,

591 622 713 663 Lond.,
735 624 835 663 1516,
854 621 943 663 in-f.,
962 620 986 654 f.
1005 621 1116 655 lxxxiv
1135 621 1195 666 b).]

648 735 663 755 «
689 717 876 759 Coelestis
896 728 1031 758 autern
1051 719 1228 769 nuntius,
1254 719 1302 758 ad
1324 718 1347 759 s.
1372 718 1506 758 David
1529 719 1569 758 in
1589 717 1735 773 Rostna
1764 717 1868 757 valle
1888 732 1958 758 ve-

591 777 720 828 niens,
751 778 872 816 dixit:
906 794 922 814 «
943 777 1068 831 Surge
1088 777 1127 817 &
1148 779 1246 817 vade
1273 778 1312 817 in
1334 776 1602 833 Hierusalem,
1634 788 1678 816 ut
1705 777 1771 816 ubi
1793 776 1961 829 gradum

595 853 611 873 ‹<
631 836 899 889 episcopalem
919 836 1112 888 suscipias,
1135 836 1172 876 &
1194 836 1294 876 adde
1315 837 1386 876 tibi
1407 836 1508 876 duos
1528 835 1754 889 condignos
1775 836 1960 885 comites,

594 911 610 931 «
633 893 848 934 Paternum
861 894 1049 934 videlicet
1063 895 1101 935 &
1114 894 1321 946 Teliaum,
1335 895 1402 948 qui
1415 895 1463 934 ad
1480 895 1668 934 eumdem
1680 894 1848 947 gradum
1861 894 1961 947 epis-

595 970 610 990 «
629 952 814 1006 copalem
836 954 1067 1006 promoveri
1090 952 1260 1006 poffunt.
1293 970 1308 989 »
1342 953 1450 993 Mox
1473 963 1621 1003 autem,
1648 952 1766 993 miffis
1796 953 1842 992 ad
1871 952 1961 994 illos

592 1012 756 1062 nuntiis,
770 1011 848 1051 fine
866 1025 980 1050 mora
999 1022 1208 1050 venerunt.
1231 1011 1307 1051 Per
1326 1012 1510 1051 barbaras
1529 1022 1663 1052 autem
1681 1012 1865 1051 nationes
1889 1010 1963 1050 iter

592 1080 767 1123 agentes,
801 1070 970 1122 gratiam
1000 1069 1227 1123 linguarum
1255 1084 1277 1109 a
1304 1071 1490 1110 Domino
1531 1081 1787 1123 acceperunt,
1818 1084 1962 1109 unum-

593 1142 795 1182 quemque
816 1128 1024 1167 hominem
1046 1130 1207 1181 propria
1227 1128 1376 1182 lingua,
1403 1130 1444 1168 in
1466 1143 1545 1182 qua
1564 1140 1680 1168 natus
1700 1129 1843 1178 fuerat,
1862 1127 1964 1167 allo-

592 1197 773 1241 quentes.
791 1186 857 1226 Ad
873 1187 1013 1226 urbem
1025 1187 1272 1244 Hierusalem
1286 1189 1447 1228 tandem
1460 1189 1711 1238 accedentes,
1724 1186 1963 1226 nobilissime

593 1245 680 1298 post
700 1245 901 1298 apostolos
923 1245 1195 1298 praedicabant
1216 1257 1358 1285 contra
1374 1243 1534 1286 Iudaeos
1555 1245 1593 1285 &
1613 1243 1790 1285 haerefim
1811 1243 1963 1283 ibidem

592 1314 742 1343 ortam:
768 1318 863 1343 nam
885 1303 1150 1357 unusquisque
1172 1305 1210 1344 in
1232 1304 1369 1358 lingua
1388 1304 1452 1344 sua
1472 1319 1541 1345 eos
1571 1304 1783 1358 loquentes
1813 1301 1962 1342 intelli-

591 1363 749 1416 gebant.
787 1362 861 1402 Per
883 1360 1182 1415 impofitionem
1201 1363 1335 1416 postea
1353 1377 1495 1404 manus
1514 1364 1762 1416 patriarchae,
1789 1360 1962 1414 episcopi

592 1422 766 1461 ordinati
797 1421 897 1472 sunt,
917 1421 955 1461 &
976 1422 1210 1461 muneribus
1237 1422 1377 1471 ditati3
1408 1421 1602 1462 Paternus
1630 1421 1796 1475 quidem
1826 1420 1963 1459 tunica

594 1495 643 1520 ex
671 1494 767 1519 auro
795 1491 903 1520 texta
928 1481 966 1520 ὅτ
995 1480 1140 1519 baculo
1162 1481 1322 1520 ditatur.
1353 1481 1530 1534 Regreffi
1551 1491 1685 1520 autem
1706 1480 1754 1519 ad
1779 1478 1962 1532 patriam,

594 1540 635 1578 in
665 1550 741 1579 tres
762 1539 1014 1592 episcopatus
1034 1539 1284 1579 Britanniam
1305 1539 1533 1579 diviserunt.
1559 1555 1575 1576 ›>

691 1622 870 1667 [Iohannes
885 1622 1172 1663 Tinmonthenfis,
1190 1621 1308 1665 Vitas.
1328 1623 1464 1655 Paterni
1479 1624 1688 1666 (Capgrave,
1707 1622 1811 1654 Nova
1828 1620 1965 1664 legenda

596 1676 721 1720 Angliae
740 1676 861 1718 [Lond.
883 1679 980 1718 1516,
999 1675 1085 1720 ins]
1102 1675 1123 1708 f.
1143 1675 1236 1716 cclix,
1255 1677 1283 1708 δι
1304 1676 1373 1708 AA.
1390 1677 1438 1708 SS.
1454 1675 1543 1716 Boll.‚
1568 1687 1606 1717 15
1625 1675 1725 1719 Apr.,
1744 1675 1785 1715 11,
1803 1685 1832 1717 p.
1852 1674 1963 1716 379).]

653 1792 667 1811 «
693 1775 849 1815 Videns
872 1772 987 1813 Deus
1014 1773 1169 1814 sanetos
1198 1773 1286 1814 suos
1314 1784 1374 1814 tot
1402 1775 1612 1814 decoratos
1639 1771 1715 1813 effe
1735 1772 1966 1822 virtutibus,

596 1834 790 1874 indicavit
823 1847 893 1873 eos
933 1832 1234 1886 promovendos
1272 1831 1348 1872 effe
1382 1833 1652 1873 ecclefiasticis
1693 1831 1964 1885 dignitatibus.

598 1890 713 1932 Mifit
729 1892 837 1931 enim
854 1890 1060 1944 Angelum
1083 1890 1196 1930 suum
1216 1891 1263 1931 ad
1287 1891 1456 1942 san&os,
1476 1892 1543 1944 qui
1565 1891 1768 1930 nuntiaret
1787 1890 1966 1929 eundum

597 1951 653 1990 eis
683 1948 758 1990 effe
789 1951 836 1989 ad
867 1950 1040 1990 san&am
1068 1950 1273 1990 civitatem
1300 1950 1522 2008 Ierusalem,
1549 1960 1593 1989 ut
1622 1950 1675 1988 ibi
1706 1948 1782 1988 suae
1811 1947 1965 1987 militiae

598 2009 787 2048 donativa
816 2010 1054 2062 reciperent.
1086 2009 1218 2049 Sanciti
1249 2023 1361 2060 vero,
1387 2007 1509 2048 Eliud
1538 2009 1727 2048 videlicet
1754 2007 1792 2047 &
1815 2006 1966 2057 David,

599 2068 693 2108 Deo
715 2067 782 2106 suo
805 2081 874 2120 per
894 2068 1030 2107 omnia
1050 2068 1299 2118 obedientes,
1324 2082 1406 2107 non
1428 2067 1515 2107 sunt
1534 2065 1614 2107 aufi
1633 2065 1804 2106 refistere
1825 2065 1964 2104 divino

598 2127 727 2177 nutui,
749 2126 810 2165 sed
830 2125 1047 2166 Paternum
1064 2127 1195 2166 virum
1215 2126 1309 2167 Deo
1327 2141 1466 2166 carum
1482 2126 1548 2166 fibi
1567 2124 1814 2175 affociantes,
1831 2124 1868 2164 ὅτ
1885 2134 1964 2163 tres

599 2187 638 2225 in
654 2185 872 2225 Trinitatis
893 2186 1059 2224 nomine
1079 2185 1304 2224 iniune’mm
1326 2184 1394 2224 fibi
1416 2186 1489 2224 iter
1509 2185 1779 2237 incoeperunt,
1801 2183 1863 2222 sed
1880 2197 1962 2222 non

598 2254 643 2282 ut
657 2243 772 2283 multi
790 2245 1096 2296 peregrinorum
1111 2243 1276 2294 faciunt,
1297 2243 1423 2282 multa
1439 2244 1611 2282 adunata
1632 2242 1815 2295 pecunia,
1836 2242 1962 2280 immo

600 2301 678 2342 fine
696 2302 839 2342 baculo
858 2302 895 2342 δι
913 2316 1017 2355 pera,
1034 2301 1230 2354 sperantes
1248 2302 1381 2355 potius
1399 2302 1437 2341 in
1455 2301 1583 2352 illum,
1604 2301 1672 2354 qui
1690 2300 1757 2340 dat
1772 2300 1962 2339 iumentis

599 2361 727 2400 escam
756 2361 932 2414 ipsorum
961 2360 999 2400 δε
1026 2360 1145 2413 pullis
1176 2374 1393 2400 corvorum
1424 2359 1705 2399 invocantibus
1734 2373 1839 2398 eum.
1870 2358 1962 2398 Nec

599 2418 739 2458 frustra
764 2419 983 2472 sperantes:
1015 2418 1131 2459 Deus
1151 2419 1259 2458 enim
1287 2432 1356 2471 per
1380 2418 1518 2458 fideles
1541 2419 1628 2458 suos
1649 2417 1795 2457 cuneta
1814 2417 1870 2457 eis
1890 2431 1961 2455 ne-

600 2476 758 2518 ceffaria
778 2477 1023 2517 ministrabat
1043 2478 1082 2517 in
1105 2488 1300 2530 tempore.
1330 2475 1517 2517 Illustrati
1534 2475 1726 2530 fiquidem
1743 2486 1857 2515 erant
1872 2474 1962 2515 luce

600 2537 770 2577 coelestis
791 2537 949 2589 gratiae3
970 2539 1024 2576 ita
1045 2548 1087 2576 ut
1107 2551 1250 2575 eorum
1271 2538 1466 2576 adventus
1487 2535 1643 2575 cunetis
1664 2533 1757 2574 effet
1779 2544 1963 2587 accepta-

601 2595 705 2646 bilis,
732 2595 769 2635 &
792 2595 998 2648 praesentia
1026 2595 1232 2635 sanitatem
1265 2596 1459 2648 praeberet
1486 2594 1664 2634 infirmis.
1696 2593 1963 2646 Reliquerunt

601 2656 736 2708 itaque
758 2670 828 2709 per
844 2656 1014 2696 diversas
1031 2655 1259 2709 provincias
1279 2654 1354 2694 suae
1371 2654 1585 2694 sanffitatis
1601 2652 1775 2706 vestigia,
1795 2652 1963 2692 cunC’m-

602 2727 691 2753 rum
707 2712 775 2754 fibi
790 2715 1040 2754 obviantium
1053 2713 1278 2754 alleviando
1296 2712 1468 2753 dolores.
1488 2712 1678 2765 Cumque
1693 2711 1961 2764 persecutores
