2131 3552
616 196 676 243 80
1227 183 1362 254 (390)

616 365 798 406 ternpore
828 352 867 391 in
897 349 1032 390 nostro
1066 364 1229 403 quoque
1260 347 1500 388 monasterio
1532 347 1716 400 primitus
1747 344 1978 394 institutam,

616 412 682 452 ubi
696 411 902 452 Dominus
917 409 1051 449 noster
1066 407 1173 449 Iesus
1189 407 1386 458 Christus,
1401 417 1516 447 natus
1532 420 1581 446 ex
1595 405 1778 458 Virgine,
1793 404 1979 443 humanae

618 471 792 511 infantiae
822 468 1014 521 suscipere
1044 468 1293 507 incrementa
1313 466 1510 520 dignatus,
1530 464 1705 505 nostram
1726 476 1890 516 quoque
1911 462 1980 501 ad-

615 531 694 570 huc
727 530 766 568 in
786 528 979 581 religione
1009 537 1189 566 teneram
1216 526 1252 566 &
1278 525 1493 565 la&entem
1527 525 1733 564 infantiam
1762 521 1828 561 sua
1855 522 1982 575 gratia

616 587 882 629 confirmavit.
913 603 927 622 »

712 673 794 715 [Ioh.
822 673 1002 714 Cassianus,
1034 673 1084 705 De
1099 671 1312 705 caenobiorum
1329 669 1486 714 institutis,
1506 670 1524 703 l.
1542 671 1602 711 III,
1627 681 1653 702 c
1672 682 1694 708 4
1713 668 1866 713 (Migne,
1892 669 1981 701 Patr.

618 725 686 765 lat.,
709 727 836 767 XLIX,
854 738 881 759 c.
903 726 1012 770 126).]

673 823 690 843 «ι
717 806 824 847 Cum
846 806 895 845 de
917 805 1032 858 Syriae
1060 805 1238 858 partibus
1261 804 1457 843 seniorum
1479 803 1571 843 scita
1592 802 1741 842 discere
1761 801 1985 855 cupientes,

619 865 764 919 AEgypti
783 864 1033 917 provinciam
1062 861 1302 917 petissemus,
1323 862 1459 916 ibique
1480 872 1588 901 tanta
1616 861 1750 901 cordis
1783 859 1984 900 alacritate

620 938 693 964 nos
723 923 859 976 suscipi
890 923 1141 972 miraremur,
1176 932 1219 961 ut
1248 921 1358 960 nulla
1392 919 1558 972 prorsus,
1589 918 1688 960 ficut
1716 920 1915 960 fueramus
1946 919 1984 958 in

623 982 835 1036 Palaessinae
856 980 1106 1021 monasteriis
1126 979 1293 1020 instituti
1321 1007 1984 1019 ...........

715 1060 797 1102 [Ioh.
827 1058 1007 1100 CaffianuS,
1040 1060 1090 1091 De
1107 1058 1320 1092 caenobiorum
1337 1057 1494 1101 institutis,
1514 1057 1535 1090 l.
1550 1058 1592 1099 V,
1609 1069 1639 1090 c.
1661 1070 1705 1099 24
1723 1057 1874 1102 (Migne,
1896 1058 1986 1090 Patr.

620 1113 689 1155 lat.,
707 1114 834 1154 XLIX,
851 1124 881 1146 c.
905 1113 1020 1154 242).].

678 1215 693 1235 «
716 1197 857 1251 Itaque
873 1211 964 1237 cum
985 1198 1033 1236 de
1050 1197 1264 1247 Palaestinae
1280 1196 1529 1236 monasteriis
1547 1197 1594 1235 ad
1617 1196 1815 1249 oppidum
1832 1194 1989 1248 AEgypti,

623 1257 730 1311 quod
753 1257 900 1296 Diolcos
920 1255 1158 1311 appellatur,
1180 1255 1298 1295 rudes
1320 1256 1541 1310 admodum
1561 1253 1811 1295 venissemus.
1838 1270 1852 1290 ›>

717 1345 804 1389 [Ioh.
833 1344 1012 1387 Cassianus,
1041 1347 1091 1379 De
1116 1344 1330 1378 caenobiorum
1347 1344 1501 1388 institutis,
1527 1344 1545 1377 l.
1564 1347 1603 1386 V,
1621 1355 1648 1377 c.
1670 1347 1710 1386 36
1735 1342 1880 1387 (Migne,
1900 1343 1989 1377 Patr.

624 1398 694 1440 lat.,
711 1399 835 1440 XLIX,
856 1409 883 1431 c.
905 1398 1010 1441 255),
1043 1398 1084 1430 cf.
1105 1397 1184 1430 ibid.
1209 1397 1226 1430 l.
1247 1398 1302 1440 IV,
1322 1409 1350 1430 c.
1374 1409 1431 1440 31,
1462 1396 1659 1439 Collationes,
1685 1397 1746 1438 XI,
1770 1407 1800 1429 c.
1829 1407 1858 1437 1,
1881 1395 1987 1433 XVII,

624 1463 651 1486 c.
674 1464 705 1495 5,
726 1455 757 1493 6,
778 1463 809 1492 7,
830 1463 892 1493 103
911 1452 1040 1493 XXIV,
1058 1462 1087 1484 c.
1106 1463 1117 1482 1
1142 1451 1291 1496 (Migne,
1310 1452 1399 1484 Patr.
1414 1450 1483 1492 lat.,
1498 1452 1623 1492 XLIX,
1639 1461 1665 1483 c.
1683 1453 1760 1492 847,
1783 1452 1990 1491 1048-1050,

629 1517 728 1548 1055,
756 1506 857 1544 1282)
879 1505 911 1537 δί
929 1504 1036 1548 supra,
1056 1516 1088 1548 p.
1112 1515 1164 1545 70,
1184 1504 1241 1536 sub
1259 1515 1289 1536 n.
1310 1502 1513 1548 &nuplziusj

331 1624 356 1633 χ
451 1621 485 1649 c.
516 1615 607 1666 390
630 1604 908 1649 *MoNAcm
944 1605 1036 1661 duo,
1071 1606 1138 1662 qui
1171 1619 1286 1663 caput
1308 1605 1348 1662 s.
1385 1606 1574 1646 Iohannis
1615 1603 1804 1661 Baptistoe
1839 1603 1992 1644 invene-

626 1692 728 1720 runt.
743 1683 822 1726 (82)

686 1779 700 1797 ‹<
726 1759 899 1801 Ioannes
935 1759 1153 1813 praecursor
1175 1759 1346 1799 Domini
1369 1758 1407 1798 &
1438 1758 1612 1811 Baptista
1641 1768 1762 1810 caput
1791 1756 1902 1795 suum
1924 1787 1931 1794 .
1954 1786 1962 1794 .
1985 1786 1993 1794 .

630 1820 787 1860 duobus
801 1819 1082 1861 Orientalibus
1100 1818 1308 1858 monachis
1326 1818 1377 1856 ob
1395 1817 1640 1856 adorandam
1658 1816 1762 1869 apud
1780 1814 1995 1872 Hierosoly-

632 1895 730 1919 mam
751 1878 898 1919 Christi
919 1877 1091 1918 Domini
1113 1876 1441 1916 resurrefflonem
1470 1875 1765 1915 introeuntibus
1793 1873 1997 1923 revelavit,

634 1949 677 1978 ut
707 1938 753 1977 ad
777 1937 952 1977 Herodis
983 1938 1189 1991 quondam
1218 1936 1320 1989 regis
1351 1935 1625 1975 habitaculum
1659 1935 1895 1974 accedentes
1925 1932 1995 1972 ad-

636 1997 780 2036 moniti
801 1997 1063 2050 requirerent,
1083 1994 1335 2048 fideliterque
1355 1994 1480 2033 humo
1502 1992 1743 2033 extollerent
1762 2024 1770 2032 .
1792 2023 1800 2031 .
1823 2023 1831 2032 .
1857 2009 1871 2028 »

729 2080 964 2123 [Marcellinus
982 2091 1107 2113 comes·
1136 2080 1266 2120 Chr-on„
1283 2078 1324 2110 ad
1345 2089 1422 2110 ann.
1445 2089 1508 2120 453
1543 2077 1699 2121 (Migne,
1733 2078 1822 2110 Patr,
1843 2076 1917 2117 lat.,
1937 2076 1994 2112 LI,

632 2144 662 2166 c.
685 2135 788 2176 928).]

690 2238 705 2257 «
732 2218 904 2260 Ioannes
926 2218 1102 2273 Baptista
1132 2229 1254 2272 caput
1284 2217 1395 2257 suum
1417 2217 1574 2257 duobus
1594 2217 1803 2256 monachis
1824 2215 1999 2255 orienta-

635 2279 751 2329 libus,
768 2279 836 2332 qui
853 2279 904 2319 ob
921 2279 1146 2318 orationem
1163 2287 1355 2316 venerant
1371 2276 1679 2334 Hierosolymam,
1695 2275 1806 2314 iuxta
1822 2273 1998 2313 Herodis

635 2340 843 2392 quondam
865 2338 966 2391 regis
987 2336 1261 2376 habitaculum
1284 2335 1446 2386 revelat,
1477 2335 1585 2388 quod
1607 2334 1797 2386 deinceps
1817 2332 2000 2390 Emisam,

640 2397 841 2437 Phoeniciae
862 2396 1017 2447 urbem,
1040 2395 1240 2449 perlatum
1261 2393 1299 2433 &
1320 2394 1442 2447 digno
1463 2394 1619 2433 honore
1639 2391 1794 2432 cultum
1814 2391 1892 2431 est.
1917 2422 1924 2430 .
1947 2422 1953 2429 .
1988 2408 1994 2422 ἰ

731 2481 852 2524 [Beda‚
875 2482 925 2514 De
934 2481 1004 2524 sex
1021 2480 1169 2515 aetatibus
1188 2478 1302 2512 mundi
1321 2478 1426 2522 (Mon.
1446 2478 1525 2511 Brit.
1544 2476 1704 2521 historica,
1722 2487 1754 2520 p.
1781 2475 1858 2519 94),
1890 2475 1932 2509 cf.
1950 2476 2000 2509 De

631 2534 743 2579 prima
761 2534 947 2567 inventione
963 2534 1078 2578 capitis
1086 2533 1120 2577 s
1141 2532 1304 2573 Iohannis,
1333 2543 1359 2564 c.
1384 2544 1395 2564 1
1420 2531 1508 2576 (AA.
1533 2531 1586 2563 SS.
1609 2529 1698 2571 Boll.‚
1715 2531 1785 2563 Iun.
1807 2529 1867 2570 1V,
1887 2528 1998 2572 716).]

684 2599 749 2642 [Cf.
776 2600 988 2641 Sozomenus,
1016 2599 1093 2641 Hist.
1122 2597 1243 2638 eccles,
1261 2597 1282 2629 l.
1307 2598 1378 2638 VII,
1397 2608 1425 2629 c.
1450 2608 1509 2638 24;
1528 2594 1749 2639 Synaxarium
1772 2594 1869 2627 arab.
1892 2592 1999 2637 (cuius

637 2652 716 2685 vers.
736 2652 793 2684 lat.
814 2663 868 2695 ap.
892 2653 964 2685 AA.
985 2653 1034 2684 SS.
1054 2650 1142 2692 Boll.‚
1172 2652 1244 2683 Iun.
1268 2650 1328 2690 lV,
1357 2650 1440 2693 712)
1472 2650 1500 2682 δι
1531 2648 1654 2682 Itinera
1674 2659 1799 2692 graeca,
1825 2647 1852 2688 Ι,
1877 2646 2002 2680 Itinera

639 2703 792 2746 arabica,
808 2704 847 2746 1.)
